2514 4154
160 330 200 387 20
469 344 499 385 c.
523 342 619 384 cortu.
644 343 780 386 uncinus

156 481 283 565 cipuum
304 481 476 564 flagitiu1n3
499 503 558 543 nec
584 494 637 544 aut
660 483 754 544 sacris
775 481 894 557 adesse,
917 495 969 546 aut
993 490 1080 547 couci

156 581 230 644 lium
258 582 342 657 inire,
386 583 589 665 ignominioso
625 583 697 660 sas3
734 584 884 667 multique
915 588 1091 665 superstites

155 680 303 743 bellorum
319 681 475 744 infamiam
490 682 601 764 laqueo
616 683 768 746 finierunt.
797 691 799 696 '

195 779 270 844 Vll.
294 780 400 866 Reges
424 805 462 845 ex
486 784 652 858 nobilitate,
668 785 763 847 duces
778 807 816 848 ex
830 786 941 849 virtute
957 799 1083 849 sumunt

158 880 223 944 Nec
238 884 363 966 regibus
378 885 495 946 infinita
515 897 568 947 aut
589 885 685 948 libera
706 900 862 967 potestas:
886 899 917 949 et
930 889 1027 950 duces
1042 909 1080 950 cx

154 985 255 1068 ernplo
270 986 381 1065 potius,
398 1007 491 1068 quam
508 987 636 1067 imperio
650 1035 657 1062 ‚
681 989 707 1050 si
723 990 863 1072 prompti,
881 990 907 1051 si
923 990 1091 1073 conspicui,

154 1085 180 1146 si
195 1097 264 1147 ante
287 1086 385 1148 aciem
407 1099 507 1170 agant,
523 1087 721 1151 admiratione
744 1102 900 1172 praesunt.
946 1090 1091 1153 Cetenun

154 1207 253 1269 noque
290 1187 531 1251 animadvertere
567 1210 668 1272 neque
704 1189 829 1266 vincire,
859 1211 897 1252 ne
938 1190 1092 1254 verberare

154 1289 288 1372 quidem,
314 1290 374 1353 nisi
398 1290 608 1354 sacerdotibus
634 1292 842 1376 permissum3
866 1314 926 1354 non
952 1293 1040 1374 quasi
1062 1293 1091 1354 in

153 1412 293 1471 poenam,
319 1412 377 1454 nec
399 1391 487 1454 ducis
513 1391 614 1475 jussu,
642 1392 698 1455 sed
722 1392 808 1455 velut
829 1393 888 1455 deo
912 1394 1090 1474 imperante,

153 1514 247 1574 quem
261 1493 370 1556 adesse
386 1494 572 1557 bellantibus
586 1493 737 1558 credunt:
762 1494 944 1578 effigiesque
960 1507 991 1557 et
1006 1495 1090 1578 signa

154 1594 314 1676 quaedam,
338 1595 474 1657 detracta
495 1595 585 1671 lucie,
609 1596 641 1659 in
664 1596 815 1677 proelium
833 1594 943 1658 lerunt.
988 1595 1091 1670 Quod-

154 1716 213 1776 que
241 1695 442 1775 praecipuum
471 1695 657 1757 fortitudinis
687 1697 919 1758 incitamentum
948 1709 1004 1772 est,
1034 1719 1091 1759 non

154 1816 244 1857 casus
274 1816 331 1857 nec
359 1792 483 1857 fortuita
506 1794 699 1879 conglobatio
724 1808 856 1857 turmam
885 1809 938 1858 aut
959 1818 1091 1859 cuneum

153 1895 235 1972 facit,
264 1895 319 1958 sed
347 1895 481 1958 familiae
511 1907 542 1958 et
567 1896 818 1981 propinquitates,
843 1908 874 1958 ct
898 1897 928 1959 in
956 1898 1093 1977 proximo

153 1999 288 2080 pignora,
304 1995 386 2058 unde
401 1996 584 2058 feminarum
604 1995 738 2058 ululatus
754 1996 861 2072 audiri,
877 1997 958 2059 unde
973 1999 1093 2081 vagitus

155 2097 336 2161 infantium:
363 2097 394 2160 hi
420 2097 533 2180 cuique
560 2097 745 2160 sanctissimi
774 2109 879 2173 testes,
909 2098 940 2161 hi
969 2100 1094 2162 maximi

154 2198 336 2262 laudatores,
379 2197 429 2261 Ad
451 2210 575 2273 matres,
595 2197 634 2261 ad
655 2198 803 2283 conjuges
825 2199 952 2262 vulnera
973 2200 1093 2275 seruum

154 2322 211 2363 nec
239 2300 309 2363 illae
338 2321 509 2376 numerare,
535 2313 588 2364 aut
613 2301 737 2384 exigere
762 2301 869 2385 plagas
894 2316 1028 2386 pavent;
1052 2303 1094 2364 ci·

154 2403 271 2485 bosque
282 2414 317 2516 pt
331 2401 500 2465 hortamina
515 2403 723 2487 pugnantibus
737 2415 869 2487 gestant.

197 2503 288 2567 VIlI.
312 2503 481 2567 Memoriae
496 2505 641 2585 proditur,
658 2504 809 2587 quasdam
824 2507 918 2582 acies,
936 2506 1094 2568 inclinatas

160 2605 225 2690 jam
248 2618 279 2669 et
302 2605 450 2684 labantes,
466 2627 485 2666 a
508 2605 631 2667 feminis
656 2605 822 2680 restitutas,
838 2607 1006 2668 constantia
1027 2627 1081 2685 pre

155 2729 228 2769 cum
243 2719 274 2769 et
289 2707 409 2790 dijectu
424 2718 583 2786 pectorum
606 2717 637 2768 et
657 2716 824 2768 monstrata
838 2707 978 2767 cominus
1000 2706 1095 2786 capti-

156 2810 257 2883 vitate,
284 2829 377 2890 quam
400 2807 491 2890 longe
516 2807 725 2887 impatientius
754 2804 938 2869 feminarum
969 2828 1093 2868 suarum

155 2909 278 2971 nomine
300 2908 429 2971 timent:
459 2907 536 2970 adeo
558 2920 594 2970 ut
618 2906 776 2969 efficacius
802 2907 975 2990 obligentur
1001 2907 1094 2970 animi

156 3009 323 3083 civitatum,
339 3008 452 3091 quibus
468 3009 546 3070 inter
560 3007 682 3070 obsides
701 3007 822 3088 puellae
838 3028 961 3090 quoque
976 3008 1093 3070 nobiles

156 3112 351 3190 imperantur.
395 3108 503 3170 Inesse
532 3109 606 3192 quin
635 3109 727 3171 etiam
756 3121 897 3171 sanctum
926 3108 1042 3190 aliquid
1064 3125 1092 3172 et

154 3211 315 3294 providum
329 3221 457 3296 putant:
481 3230 540 3272 nec
555 3222 608 3273 aut
623 3211 750 3273 consilia
765 3231 869 3272 earum
885 3222 1092 3290 aspernantur,

156 3326 208 3377 aut
235 3333 382 3392 responsa
409 3310 578 3393 negligunt.
622 3309 765 3374 Vidimus
795 3311 852 3373 sub
880 3311 951 3373 divo
976 3309 1080 3390 Vespa

156 3417 240 3477 siano
268 3411 418 3476 Veledam
446 3411 501 3472 diu
530 3409 611 3490 apud
646 3410 810 3495 plerosoue
846 3411 981 3473 numinis
1024 3410 1092 3472 loco

155 3515 299 3578 habitam.
343 3511 408 3576 Sed
430 3523 462 3573 et
486 3510 558 3573 olim
582 3511 741 3574 Auriniam
765 3523 796 3573 et
819 3510 992 3592 complures
1018 3510 1091 3572 alias

154 3615 285 3678 venerati
311 3625 383 3678 sunt
404 3632 465 3675 non
495 3612 678 3688 adulatione,
701 3633 759 3693 neo
787 3624 933 3696 tanquam
959 3610 1091 3674 facerent

152 3715 226 3780 deas
