2514 4154
524 357 695 400 scarcom.
1045 344 1084 400 59

146 507 252 569 eastris
274 505 368 587 pedes
391 527 548 589 equesque
564 519 595 568 et
608 507 750 569 nauticus
772 506 871 581 miles,
888 506 974 568 mixti
989 507 1084 586 copiis

145 621 175 669 et
199 607 323 684 laetitia,
340 629 396 669 sua
418 608 549 691 quisque
570 605 660 683 facta,
684 628 757 670 suos
781 628 873 669 casus
896 607 1083 671 attollerent:

145 731 179 770 ac
202 709 295 771 modo
319 708 465 771 silvarum
485 729 522 770 ae
541 710 692 771 montium
717 708 878 789 profunda,
894 708 986 771 modo
1008 722 1084 771 tern-

145 823 297 890 pestatum
322 831 359 872 ac
384 810 535 872 fluctuum
563 809 700 885 adversa,
723 809 795 872 hinc
823 821 902 872 terra
924 822 955 872 et
976 809 1082 886 hostis,

145 910 214 973 hinc
247 909 351 987 victus
379 910 523 973 Oceanus
551 911 674 974 militari
699 910 846 994 jactantia
873 933 1084 992 compararen-

137 1023 201 1075 tur.
246 1010 408 1075 Britannos
437 1034 570 1095 quoque,
600 1025 635 1075 ut
664 1034 702 1074 ex
730 1013 859 1094 captivis
893 1013 1083 1086 audiebatur,

146 1113 209 1174 risa
237 1113 346 1176 classis
376 1113 649 1194 obstupefaciebat,
671 1125 827 1197 tanquam,
858 1127 963 1195 aperto
990 1114 1084 1176 maris

146 1215 191 1277 aui
220 1228 348 1291 secreto,
377 1215 522 1278 ultimum
550 1215 640 1276 victis
676 1215 853 1297 perfugium
881 1214 1083 1277 clauderetur.

145 1315 192 1377 nd
219 1338 330 1378 manus
359 1327 390 1378 et
411 1314 495 1378 arma
523 1315 663 1378 conversi
687 1315 888 1379 Caledoniam
917 1315 1084 1378 inorientes

142 1416 256 1497 populi,
278 1428 386 1496 paratu
411 1436 532 1498 magno,
555 1414 669 1497 majore
691 1414 783 1489 fama,
805 1415 851 1476 uti
879 1436 947 1477 mos
976 1428 1024 1478 est
1045 1415 1083 1478 de

143 1517 264 1598 ignotis,
288 1536 483 1598 oppugnasse
504 1515 593 1590 ultro,
616 1513 744 1577 castella
769 1514 876 1590 adorti,
898 1527 1027 1592 metum,
1050 1529 1084 1580 ut

141 1629 350 1696 provocantes,
367 1615 559 1679 addiderant:
582 1614 877 1700 regrediendumque
892 1617 968 1680 citra
982 1615 1083 1680 Bodo-

142 1718 239 1793 triam,
253 1710 286 1780 ¹et
301 1717 511 1780 excedendum
533 1718 646 1802 potius,
662 1739 755 1800 quam
769 1717 962 1802 pellerentur,
979 1719 1083 1801 specie

140 1819 336 1903 prudentium
351 1820 452 1903 ignavi
475 1819 701 1883 admonebant:
718 1817 796 1883 'cum
817 1820 937 1884 interim
953 1842 1082 1905 cognos-

141 1923 183 1984 cit
211 1921 314 1986 hostes
349 1923 489 2004 pluribus
518 1922 693 2006 agminibus
722 1922 901 2004 irrupturos.
956 1923 1014 1999 Ac,
1044 1945 1082 1986 ne

141 2036 303 2103 superante
332 2045 462 2087 numero
489 2036 521 2087 et
548 2025 657 2105 peritia
692 2023 831 2087 locorum
860 2025 1080 2101 circumiretur,

140 2125 238 2187 diviso
253 2139 284 2188 et
298 2125 365 2205 ipse
379 2126 410 2188 in
425 2138 487 2189 tres
502 2139 603 2207 partes
624 2126 760 2188 exercitu
776 2127 912 2189 incessit.
1093 2174 1202 2201 ...W

184 2223 306 2288 XXVI.
329 2225 424 2297 Quod
448 2225 502 2288 ubi
526 2227 683 2308 cognitum
707 2226 797 2301 hosti,
819 2239 937 2289 mutato
958 2241 1081 2308 repente

141 2325 279 2400 consilio,
296 2325 430 2388 universi
451 2347 564 2388 nonam
585 2325 749 2409 legionem,
765 2339 800 2388 ut
821 2328 954 2389 maxime
977 2329 1075 2392 invali·

142 2426 222 2502 dam,
245 2438 335 2488 nocte
359 2426 508 2508 aggressi,
525 2426 603 2488 inter
629 2447 771 2488 somnum
792 2447 830 2488 ac
851 2428 1081 2506 trepidationem

143 2527 241 2591 caesis
268 2526 425 2610 vigilibus,
454 2527 599 2607 irrupere.
643 2525 776 2609 Jamque
805 2528 837 2590 in
868 2528 945 2611 ipsis
973 2544 1081 2592 castris

143 2627 326 2713 pugnabant,
341 2649 415 2692 curn
435 2628 590 2712 Agricola,
606 2629 664 2691 iter
685 2627 819 2691 hostium
834 2628 873 2690 ab
888 2629 1075 2712 exploratori·

142 2732 200 2793 bus
226 2729 354 2793 edoctus
369 2742 399 2793 et
413 2730 552 2813 vestigiis
578 2731 746 2805 insecutus,
762 2730 974 2798 velocissimos
996 2733 1081 2815 equi-

143 2843 207 2894 tum
234 2830 434 2915 peditumque
460 2829 609 2893 assultare
637 2831 731 2913 tergis
756 2832 958 2914 pugnantium
983 2831 1078 2916 jubet,

143 2954 213 2995 mox
227 2934 265 2995 ab
280 2933 432 2996 universis
454 2932 544 3015 adjici
566 2932 750 3008 clamorem;
774 2945 805 2995 et
820 2934 989 3017 propinqua
1011 2934 1079 2997 luce

144 3033 255 3097 fulsere
282 3033 388 3116 signa:
412 3033 455 3095 ita
482 3033 607 3113 ancipiti
635 3033 717 3095 malo
746 3035 839 3096 territi
870 3032 1027 3098 Britanni:
1051 3050 1079 3099 et

144 3132 291 3198 Romanis
306 3133 384 3197 redit
405 3120 536 3209 animus,
553 3155 599 3209 ac,
615 3135 717 3196 securi
735 3155 791 3216 pro
808 3135 911 3209 salute,
932 3137 968 3195 de
985 3136 1078 3218 gloria

144 3234 306 3297 certabant.
350 3233 438 3299 Ultro
452 3234 526 3317 quin
548 3235 641 3297 etiarn
656 3256 802 3314 erupere:
827 3248 857 3298 et
872 3235 929 3297 fuit
943 3248 1028 3297 atrox
1050 3237 1078 3297 in

142 3335 218 3418 ipsis
240 3347 394 3418 portarum
422 3336 571 3418 angustiis
593 3335 754 3420 proelium,
777 3335 875 3398 donee
900 3334 981 3416 pulsi
1011 3335 1066 3396 hos

144 3456 211 3511 tes3
234 3447 363 3517 utroque
385 3437 520 3500 exercitu
542 3451 687 3512 certante,
711 3437 767 3512 his,
792 3449 827 3499 ut
848 3436 956 3498 tulisse
979 3457 1069 3515 opem

146 3535 212 3610 illis,
227 3555 266 3596 ne
289 3535 414 3617 eguisse
435 3537 548 3599 auxilio
570 3538 754 3600 viderentur.
799 3535 892 3608 Quod
912 3536 972 3597 nisi
994 3535 1066 3615 palu

142 3633 196 3701 des
218 3648 250 3699 et
274 3635 369 3697 silvae
390 3634 543 3718 fugientes
567 3638 724 3713 texissent,
739 3635 926 3698 debellatum
952 3635 1004 3700 illa
1018 3639 1066 3700 vic

141 3738 217 3803 toria
230 3736 316 3801 foret.
