2514 4154
444 396 449 405 .
538 335 696 376 acarcoan
1053 319 1091 374 67

161 482 290 544 hostium
309 503 406 544 acrem
429 483 576 544 invasere.
621 480 706 542 Tum
729 502 799 542 vero
821 472 994 560 patentibus
1017 477 1092 541 locis

161 582 272 665 grande
288 594 318 644 et
332 595 416 644 atrox
431 582 660 661 spectaculum:
685 582 783 664 sequi,
799 581 967 655 vulnerare,
984 601 1092 660 capere

161 694 251 764 atque
274 682 409 757 eosdem,
426 682 533 744 oblatis
556 681 633 756 aliis,
650 679 811 742 trucidare.
855 679 926 743 Jam
950 681 1093 755 hostium,

161 795 249 863 prout
285 783 397 865 cuique
433 783 590 864 ingenium
626 795 699 856 erat,
737 795 876 843 catervae
912 794 1093 843 armatorum

162 883 356 965 paucioribus
385 894 469 964 terga
499 894 661 962 praestare,
692 881 817 963 quidam
850 882 981 944 inermes
1017 881 1095 943 ultro

161 1003 249 1044 ruere
265 1003 301 1042 ac
317 1003 350 1043 se
366 983 453 1044 morti
476 982 582 1043 offerre
595 1003 602 1063 3
645 983 760 1063 passim
786 1003 870 1043 arma
884 994 913 1043 et
928 1002 1051 1061 corpora
1066 992 1095 1042 et

155 1054 253 1148 laceri
276 1095 358 1143 artus
388 1093 418 1144 et
446 1094 571 1144 cruenta
599 1081 731 1143 humus:
756 1093 786 1143 et
815 1081 976 1164 aliquando
1006 1081 1096 1143 etiam

163 1183 250 1245 victis
279 1183 323 1245 ira
350 1183 524 1263 virtusque3
562 1193 725 1264 postquam
762 1182 846 1244 silvis
875 1182 1094 1263 appropinqua·

162 1296 240 1357 runt,
257 1283 375 1346 collecti
398 1284 511 1363 primos
534 1283 728 1363 sequentium
751 1283 887 1343 incautos
911 1295 940 1344 et
961 1283 1098 1344 locorum

163 1385 282 1466 ignaros
312 1382 600 1445 circumveniebant.
645 1380 738 1453 Quod
759 1382 790 1442 ni
813 1381 955 1462 frequens
983 1381 1098 1462 ubique

165 1483 307 1565 Agricola
320 1482 435 1544 validas
451 1494 481 1542 et
489 1480 651 1561 expeditas
673 1479 812 1542 cohortes
834 1480 983 1564 indaginis
998 1481 1097 1556 modo,

164 1595 203 1656 et,
234 1581 334 1643 sicubi
362 1582 489 1642 arctiora
521 1592 614 1655 erant,
644 1593 760 1660 partem
797 1581 935 1662 equitum
963 1581 1097 1643 dimissis

165 1683 263 1764 equis,
280 1680 372 1744 simul
394 1681 521 1743 rariores
545 1681 637 1743 silvas
653 1682 786 1765 equitem
802 1681 970 1765 persultare
989 1670 1097 1764 jussis·

119 1848 123 1857 ,
165 1796 220 1856 set,
243 1794 404 1861 acceptum
432 1780 555 1865 aliquod
582 1783 694 1845 vulnus
722 1804 777 1862 per
804 1783 929 1845 nimiam
953 1783 1097 1846 fiduciam

166 1883 250 1965 foret.
309 1882 466 1958 Ceterum,
503 1884 555 1946 ubi
593 1885 778 1964 compositos
811 1884 907 1945 firmis
944 1880 1099 1947 ordinibus

165 1983 251 2065 sequi
273 2004 378 2045 mrsus
401 1982 513 2059 videre,
537 1985 568 2046 in
589 1983 696 2067 fugam
717 1985 808 2060 versi,
831 2006 891 2046 non
915 1984 1099 2066 agminibus,

165 2095 198 2144 ut
225 2084 320 2167 prius,
343 2105 401 2145 nec
423 2084 501 2146 alius
531 2085 625 2146 alium
646 2098 863 2164 respectantes
886 2086 945 2147 rari
974 2099 1005 2147 et
1026 2085 1100 2147 vita·

164 2184 258 2245 bundi
288 2185 430 2257 invicem,
452 2183 618 2266 longinqua
639 2197 730 2266 atque
753 2186 822 2246 avia
845 2186 970 2264 petiere.
1014 2183 1099 2246 Finis

166 2283 312 2365 sequendi
327 2305 387 2344 nox
402 2294 433 2344 et
448 2285 572 2345 satietas
586 2284 662 2346 fuit:
687 2305 777 2345 caesa
791 2283 924 2347 hostium
940 2285 979 2347 ad
992 2285 1100 2346 decem

166 2383 279 2444 millia:
302 2395 475 2444 nostrorum
489 2384 615 2445 trecenti
631 2385 788 2462 sexaginta
802 2385 960 2447 cecidere:
987 2386 1016 2446 in
1032 2385 1100 2465 quis

167 2482 266 2546 Aulus
281 2484 402 2546 Atticus
427 2483 601 2564 praefectus
627 2484 769 2560 cohortis,
793 2484 920 2568 juvenili
945 2486 1049 2547 ardore
1072 2497 1101 2545 ot

166 2584 279 2646 ferocia
294 2584 365 2662 equi
380 2583 520 2647 hostibus
535 2584 647 2648 illatus.

207 2680 380 2745 XXXVIII.
403 2683 446 2749 Et
467 2674 528 2748 nor
550 2686 674 2769 quidem
696 2686 808 2769 gaudio
829 2684 1001 2768 praedaque
1023 2685 1100 2748 laeta

166 2786 355 2849 victoribus:
405 2785 543 2849 Britanni
584 2787 730 2867 palantes,
774 2789 928 2869 mixtoque
969 2789 1101 2850 virorum

166 2888 391 2970 mulierumque
419 2886 547 2968 ploratu,
571 2887 688 2949 trahere
713 2887 895 2964 vulneratos,
919 2910 1028 2951 vocare
1057 2890 1102 2952 in·

166 3001 277 3071 tegros,
294 2988 435 3051 deserere
457 2986 564 3050 domos
587 3009 623 3049 ac
645 3009 699 3068 per
721 2989 796 3050 iram
817 2988 896 3051 ultro
917 2989 1100 3053 incendere:

167 3089 280 3172 eligere
295 3089 425 3152 latebras
441 3102 472 3151 et
487 3089 589 3151 statim
611 3089 800 3171 relinquere:
825 3090 954 3152 miscere
970 3092 1101 3154 invicem

168 3189 294 3251 consilia
320 3190 431 3273 aliqua,
460 3189 532 3252 dein
561 3211 721 3271 separare:
745 3190 907 3272 aliquando
935 3189 1032 3272 frangi
1055 3213 1102 3251 as·

168 3301 257 3370 pectu
287 3291 446 3372 pignorum
469 3312 605 3365 suorum,
629 3293 752 3371 saepius
781 3292 922 3353 concitar'
936 3312 943 3352 :
968 3292 1101 3371 satisque

169 3388 334 3462 constabat,
361 3393 496 3453 saevisse
519 3392 668 3474 quosdam
697 3393 728 3454 in
754 3392 899 3475 conjuges
922 3412 958 3452 ac
980 3391 1101 3465 liberos,

169 3503 312 3570 tanquam
339 3490 563 3554 misererentur.
615 3492 779 3555 Proximus
808 3493 874 3554 dies
900 3491 1012 3569 faciem
1041 3491 1102 3553 vic·

170 3588 262 3652 tor-iae
276 3587 367 3649 latius
388 3591 524 3669 aperuit:
547 3605 669 3654 vastum
683 3593 797 3674 ubique
813 3592 977 3666 silentium,
994 3593 1103 3654 secreti

169 3687 273 3765 eolles,
303 3685 451 3751 fumantia
486 3691 592 3769 procul
621 3703 710 3767 tecta,
740 3712 831 3752 nemo
866 3689 1102 3770 exploratoribus
