2514 4154
531 329 550 370 rr
575 330 754 372 crannum.
1063 313 1102 368 23

165 465 210 529 rel
232 469 409 552 propinquis
432 469 499 553 ejus
528 468 704 530 exsolvitur.
746 465 915 551 Eliguntur
936 467 967 528 in
990 466 1098 530 iisdem

163 569 299 631 conciliis
329 582 359 631 et
387 571 551 655 principes,
578 570 630 652 qni
656 569 724 652 jura
746 590 801 649 per
833 589 929 651 pagos
952 568 1098 651 vicosque

59 730 63 739 ,
149 669 300 733 reddunt.
356 672 487 735 Centeni
516 671 645 754 singulis
675 692 713 733 ex
740 670 830 752 plebe
860 669 997 745 comites
1027 692 1097 732 con·

161 769 264 832 silium
279 771 371 833 simul
386 783 417 833 et
431 772 605 846 auctoritas,
620 770 741 833 adsunt.

201 867 295 932 XIII.
318 868 405 933 Nihil
427 883 531 932 autem
556 892 655 953 neque
678 870 819 952 publicae
841 891 941 952 neque
963 871 1096 950 privatae
1124 948 1129 955 Ι

161 970 213 1045 rei,
237 971 295 1034 nisi
324 970 431 1034 armati
456 984 560 1055 agunt.
605 971 669 1034 Sed
690 993 774 1034 arma
802 992 924 1036 sumere
946 993 1006 1033 non
1028 985 1096 1041 ante

159 1073 304 1154 cuiqnam
326 1073 429 1148 moris,
448 1095 541 1155 quam
563 1064 670 1135 civitas
693 1073 894 1142 suffecturum
916 1073 1095 1155 probaverit.

159 1171 245 1237 Tum
259 1174 289 1237 in
305 1174 372 1254 ipso
393 1174 532 1250 concilio,
547 1173 597 1237 vel
618 1175 790 1254 principum
812 1174 923 1256 aliquis
937 1173 986 1236 vel
1011 1182 1094 1255 pater

161 1273 208 1336 vel
243 1276 430 1358 propinquus
467 1287 555 1337 scuto
584 1274 759 1356 frameaque
791 1275 939 1358 juvenem
970 1289 1094 1337 ornant:

160 1373 234 1437 haee
262 1375 343 1455 apud
372 1376 440 1439 illos
469 1389 548 1458 toga,
579 1375 629 1437 hic
656 1377 774 1454 primus
805 1375 948 1457 juventae
977 1373 1093 1436 honos:

158 1488 226 1537 ante
262 1475 321 1538 hoc
355 1475 465 1538 domus
502 1497 571 1558 pars
607 1475 756 1549 videntur,
793 1496 864 1535 mox
898 1475 1094 1554 reipublicae.

159 1575 292 1659 Insignis
314 1575 465 1650 nobilitas,
489 1589 542 1636 aut
563 1561 675 1657 magna
698 1588 817 1654 patrum
843 1575 960 1650 merita,
985 1576 1093 1656 priuci-

157 1677 204 1758 pis
247 1676 453 1758 dignationem
497 1676 588 1737 etiam
634 1673 870 1738 adolescentulis
913 1677 1093 1760 assignant:

126 1778 266 1840 ¹*ceteris
295 1777 516 1839 robustioribus
545 1798 582 1838 ae
613 1776 796 1860 jampridem
824 1776 958 1858 probatis
987 1799 1092 1861 aggre-

157 1891 286 1960 gantur;
323 1899 382 1939 nec
417 1879 518 1953 rubor,
549 1878 626 1939 inter
654 1878 782 1939 comites
818 1878 926 1957 aspici.
971 1876 1093 1940 Gradus

157 1978 335 2059 quinetiam
352 1978 462 2058 etipse
486 1978 648 2039 comitatus
667 1976 758 2040 habet
776 1975 892 2061 judicio
907 1977 984 2062 ejus,
1001 1999 1092 2060 quem

110 2086 116 2093 '
157 2091 328 2142 sectantur:
359 2100 531 2162 magnaque
554 2090 584 2141 et
612 2080 760 2141 comitum
783 2079 1092 2162 aemulatio,'quibus

148 2171 271 2258 ,primus
287 2175 370 2258 apud
390 2179 558 2259 principem
574 2200 665 2240 suurn
687 2173 784 2250 loeus
799 2191 829 2240 et
843 2179 1025 2262 principum,
1042 2201 1092 2241 cur

157 2279 278 2360 plurimi
294 2290 324 2341 et
338 2279 477 2341 acerrimi
492 2279 631 2340 comites,
668 2278 758 2340 Haec
772 2280 913 2361 dignitas
929 2280 987 2342 hae
1001 2282 1091 2354 vireS,

157 2401 268 2462 rnagno
290 2400 411 2458 semper
433 2378 600 2440 electorum
618 2379 766 2462 juvenum
789 2380 879 2462 globo
902 2381 1092 2456 circumdari,

157 2482 187 2545 in
209 2502 285 2562 pace
307 2479 413 2554 decus,
441 2481 472 2542 in
496 2479 578 2541 bello
603 2479 800 2559 praesidium.
844 2479 914 2542 Nee
940 2481 1040 2542 solum
1063 2484 1092 2543 in

157 2603 213 2643 sua
233 2591 324 2663 gente
347 2581 470 2662 cuique,
486 2579 541 2642 sed
555 2578 637 2663 apud
652 2579 796 2641 finitimas
811 2601 933 2661 quoque
956 2579 1092 2642 civitates

157 2682 186 2744 id
201 2703 322 2757 nomen,
339 2703 376 2743 ea
389 2682 486 2764 gloria
501 2692 556 2757 est,
572 2682 597 2742 si
612 2701 740 2742 numero
755 2701 791 2741 ae
806 2681 915 2742 virtute
931 2681 1092 2744 comitatus

156 2785 307 2846 emineat:
331 2795 513 2863 expetuntur
535 2783 616 2843 enim
638 2781 842 2863 legationibus
864 2792 895 2843 et
915 2782 1091 2845 muneribus

157 2897 299 2947 ornantur
314 2897 344 2944 et
359 2883 425 2962 ipsa
439 2881 620 2967 plerumque
635 2880 717 2943 fama
731 2882 812 2944 bella
825 2882 997 2966 profligant.

197 2983 287 3048 XIV.
312 2965 395 3047 Cum
413 2995 539 3045 ventum
554 2983 584 3045 in
599 2983 708 3056 aciem,
724 2994 811 3062 turpe
833 2984 961 3064 principi
983 2985 1092 3048 virtute

157 3086 245 3160 vinci,
269 3098 357 3164 turpe
386 3083 553 3158 comitatui,
576 3085 717 3145 virtutem
747 3085 893 3167 principis
922 3106 982 3146 non
1004 3086 1113 3148 adae-⁸

156 3208 260 3268 quare.
304 3185 375 3247 Jam
403 3206 476 3246 vero
502 3183 614 3246 infame
644 3185 674 3245 in
704 3206 826 3246 omnem
851 3186 945 3247 vitam
968 3207 1004 3247 ac
1025 3208 1091 3265 pro·

157 3287 290 3360 brosum,
314 3287 510 3370 superstitem
536 3285 665 3368 principi
688 3307 744 3347 suo
767 3307 805 3347 etr
826 3287 892 3347 acie
914 3287 1092 3346 recessisse.

158 3385 249 3449 Illum
268 3385 439 3460 defendere,
455 3386 544 3459 tueri,
561 3407 617 3446 sua
639 3406 760 3467 quoque
776 3386 864 3448 fortia
879 3384 958 3445 facta
979 3382 1092 3464 gloriae

155 3485 223 3569 ejus
245 3487 410 3568 assignare,
432 3486 634 3568 praecipuum
657 3497 882 3547 sacramentum
904 3493 961 3543 est.
1005 3480 1093 3544 Prin-

155 3586 241 3667 cipes
262 3606 316 3666 pro
331 3585 456 3646 victoria
476 3597 632 3667 pugnant;
655 3586 783 3645 comites
798 3604 852 3663 pro
865 3581 1012 3660 principe.
1058 3581 1091 3646 Si

157 3687 271 3762 ciuitas,
289 3686 319 3749 in
342 3706 403 3768 qua
429 3686 484 3747 orti
507 3684 589 3759 sunt,
605 3683 697 3764 longa
720 3702 796 3762 pace
823 3692 854 3742 et
879 3681 940 3742 otio
965 3693 1083 3760 torpeat
