<?xml version="1.0" encoding="UTF-8"?>
<!DOCTYPE html PUBLIC "-//W3C//DTD XHTML 1.0 Transitional//EN"
    "http://www.w3.org/TR/xhtml1/DTD/xhtml1-transitional.dtd">
<html xmlns="http://www.w3.org/1999/xhtml" xml:lang="en" lang="en">
 <head>
  <title>
</title>
<meta http-equiv="Content-Type" content="text/html;charset=utf-8" />
  <meta name='ocr-system' content='tesseract 3.04.00' />
  <meta name='ocr-capabilities' content='ocr_page ocr_carea ocr_par ocr_line ocrx_word'/>
</head>
<body>
  <div class='ocr_page' id='page_1' title='image "./germaniaagricol02tacigoog_0090.png"; bbox 0 0 2514 4154; ppageno 0'>
   <div class='ocr_carea' id='block_1_1' title="bbox 547 322 1103 380">
    <p class='ocr_par' dir='ltr' id='par_1_1' title="bbox 547 322 1103 380">
     <span class='ocr_line' id='line_1_1' title="bbox 547 322 1103 380; baseline 0.005 -3"><span class='ocrx_word' id='word_1_1' title='bbox 547 336 714 379; x_wconf 74' lang='lat' dir='ltr'>asareem.</span> <span class='ocrx_word' id='word_1_2' title='bbox 878 354 881 359; x_wconf 88' lang='lat'><strong>·</strong></span> <span class='ocrx_word' id='word_1_3' title='bbox 1063 322 1103 380; x_wconf 75' lang='lat'>7³</span> 
     </span>
    </p>
   </div>
   <div class='ocr_carea' id='block_1_2' title="bbox 157 479 1142 3794">
    <p class='ocr_par' dir='ltr' id='par_1_2' title="bbox 160 479 1103 1756">
     <span class='ocr_line' id='line_1_2' title="bbox 165 479 1102 566; baseline 0.004 -22"><span class='ocrx_word' id='word_1_4' title='bbox 165 479 357 545; x_wconf 77' lang='lat' dir='ltr'>sennonibus</span> <span class='ocrx_word' id='word_1_5' title='bbox 379 483 451 559; x_wconf 90' lang='lat' dir='ltr'>tuis,</span> <span class='ocrx_word' id='word_1_6' title='bbox 474 495 621 546; x_wconf 77' lang='lat' dir='ltr'>constans</span> <span class='ocrx_word' id='word_1_7' title='bbox 642 496 674 546; x_wconf 88' lang='lat' dir='ltr'>et</span> <span class='ocrx_word' id='word_1_8' title='bbox 694 483 794 546; x_wconf 91' lang='lat' dir='ltr'>lrbens</span> <span class='ocrx_word' id='word_1_9' title='bbox 816 483 913 547; x_wconf 83' lang='lat' dir='ltr'>latum</span> <span class='ocrx_word' id='word_1_10' title='bbox 935 485 1102 566; x_wconf 80' lang='lat' dir='ltr'>excepisti3</span> 
     </span>
     <span class='ocr_line' id='line_1_3' title="bbox 164 584 1102 668; baseline 0.004 -22"><span class='ocrx_word' id='word_1_11' title='bbox 164 595 310 668; x_wconf 79' lang='lat' dir='ltr'>tauquam</span> <span class='ocrx_word' id='word_1_12' title='bbox 347 605 403 665; x_wconf 90' lang='lat' dir='ltr'>pro</span> <span class='ocrx_word' id='word_1_13' title='bbox 437 584 516 647; x_wconf 88' lang='lat' dir='ltr'>virili</span> <span class='ocrx_word' id='word_1_14' title='bbox 554 586 691 664; x_wconf 86' lang='lat' dir='ltr'>portione</span> <span class='ocrx_word' id='word_1_15' title='bbox 732 584 936 648; x_wconf 89' lang='lat' dir='ltr'>innocentiam</span> <span class='ocrx_word' id='word_1_16' title='bbox 974 587 1102 666; x_wconf 81' lang='lat' dir='ltr'>principi</span> 
     </span>
     <span class='ocr_line' id='line_1_4' title="bbox 162 683 1103 770; baseline 0.004 -24"><span class='ocrx_word' id='word_1_17' title='bbox 162 683 303 748; x_wconf 85' lang='lat' dir='ltr'>donares.</span> <span class='ocrx_word' id='word_1_18' title='bbox 348 684 413 747; x_wconf 85' lang='lat' dir='ltr'>Sed</span> <span class='ocrx_word' id='word_1_19' title='bbox 440 685 515 748; x_wconf 92' lang='lat' dir='ltr'>mihi</span> <span class='ocrx_word' id='word_1_20' title='bbox 537 685 679 768; x_wconf 84' lang='lat' dir='ltr'>filiaeque</span> <span class='ocrx_word' id='word_1_21' title='bbox 709 685 786 770; x_wconf 84' lang='lat' dir='ltr'>ejus,</span> <span class='ocrx_word' id='word_1_22' title='bbox 809 699 930 767; x_wconf 89' lang='lat' dir='ltr'>praeter</span> <span class='ocrx_word' id='word_1_23' title='bbox 956 688 1103 750; x_wconf 87' lang='lat' dir='ltr'>acerbita-</span> 
     </span>
     <span class='ocr_line' id='line_1_5' title="bbox 162 786 1102 872; baseline 0.003 -24"><span class='ocrx_word' id='word_1_24' title='bbox 162 799 226 848; x_wconf 89' lang='lat' dir='ltr'>tem</span> <span class='ocrx_word' id='word_1_25' title='bbox 246 787 381 872; x_wconf 88' lang='lat' dir='ltr'>parentis</span> <span class='ocrx_word' id='word_1_26' title='bbox 403 786 509 867; x_wconf 86' lang='lat' dir='ltr'>erepti,</span> <span class='ocrx_word' id='word_1_27' title='bbox 532 799 625 871; x_wconf 84' lang='lat' dir='ltr'>auget</span> <span class='ocrx_word' id='word_1_28' title='bbox 646 788 840 863; x_wconf 88' lang='lat' dir='ltr'>moestitiam,</span> <span class='ocrx_word' id='word_1_29' title='bbox 864 787 945 872; x_wconf 87' lang='lat' dir='ltr'>qued</span> <span class='ocrx_word' id='word_1_30' title='bbox 968 788 1102 851; x_wconf 86' lang='lat' dir='ltr'>assidere</span> 
     </span>
     <span class='ocr_line' id='line_1_6' title="bbox 162 886 1101 974; baseline 0.003 -25"><span class='ocrx_word' id='word_1_31' title='bbox 162 886 339 959; x_wconf 88' lang='lat' dir='ltr'>valetudini,</span> <span class='ocrx_word' id='word_1_32' title='bbox 356 886 459 950; x_wconf 81' lang='lat' dir='ltr'>fovere</span> <span class='ocrx_word' id='word_1_33' title='bbox 476 887 682 964; x_wconf 90' lang='lat' dir='ltr'>deficientem,</span> <span class='ocrx_word' id='word_1_34' title='bbox 699 889 801 952; x_wconf 89' lang='lat' dir='ltr'>satiari</span> <span class='ocrx_word' id='word_1_35' title='bbox 817 889 912 964; x_wconf 81' lang='lat' dir='ltr'>vultu,</span> <span class='ocrx_word' id='word_1_36' title='bbox 928 889 1101 974; x_wconf 85' lang='lat' dir='ltr'>complexu,</span> 
     </span>
     <span class='ocr_line' id='line_1_7' title="bbox 162 986 1102 1073; baseline 0.002 -24"><span class='ocrx_word' id='word_1_37' title='bbox 162 1008 223 1049; x_wconf 87' lang='lat' dir='ltr'>non</span> <span class='ocrx_word' id='word_1_38' title='bbox 244 986 391 1071; x_wconf 86' lang='lat' dir='ltr'>contigit:</span> <span class='ocrx_word' id='word_1_39' title='bbox 416 989 648 1072; x_wconf 80' lang='lat' dir='ltr'>excepissemus</span> <span class='ocrx_word' id='word_1_40' title='bbox 670 1001 752 1051; x_wconf 92' lang='lat' dir='ltr'>certe</span> <span class='ocrx_word' id='word_1_41' title='bbox 775 988 917 1056; x_wconf 85' lang='lat' dir='ltr'>mandata</span> <span class='ocrx_word' id='word_1_42' title='bbox 937 1011 1102 1073; x_wconf 87' lang='lat' dir='ltr'>vocesque,</span> 
     </span>
     <span class='ocr_line' id='line_1_8' title="bbox 161 1089 1103 1173; baseline 0.002 -23"><span class='ocrx_word' id='word_1_43' title='bbox 161 1110 239 1171; x_wconf 90' lang='lat' dir='ltr'>quas</span> <span class='ocrx_word' id='word_1_44' title='bbox 254 1090 376 1170; x_wconf 91' lang='lat' dir='ltr'>penitus</span> <span class='ocrx_word' id='word_1_45' title='bbox 391 1090 493 1152; x_wconf 89' lang='lat' dir='ltr'>animo</span> <span class='ocrx_word' id='word_1_46' title='bbox 508 1090 684 1173; x_wconf 85' lang='lat' dir='ltr'>figeremus.</span> <span class='ocrx_word' id='word_1_47' title='bbox 729 1089 844 1153; x_wconf 87' lang='lat' dir='ltr'>Noster</span> <span class='ocrx_word' id='word_1_48' title='bbox 857 1089 908 1154; x_wconf 89' lang='lat' dir='ltr'>hic</span> <span class='ocrx_word' id='word_1_49' title='bbox 923 1090 1017 1167; x_wconf 89' lang='lat' dir='ltr'>dolor,</span> <span class='ocrx_word' id='word_1_50' title='bbox 1033 1093 1103 1153; x_wconf 84' lang='lat' dir='ltr'>nos·</span> 
     </span>
     <span class='ocr_line' id='line_1_9' title="bbox 161 1190 1102 1274; baseline 0.003 -22"><span class='ocrx_word' id='word_1_51' title='bbox 161 1201 242 1252; x_wconf 89' lang='lat' dir='ltr'>trum</span> <span class='ocrx_word' id='word_1_52' title='bbox 264 1190 395 1252; x_wconf 86' lang='lat' dir='ltr'>vuinus:</span> <span class='ocrx_word' id='word_1_53' title='bbox 419 1190 508 1253; x_wconf 89' lang='lat' dir='ltr'>nobis</span> <span class='ocrx_word' id='word_1_54' title='bbox 530 1203 592 1253; x_wconf 91' lang='lat' dir='ltr'>tam</span> <span class='ocrx_word' id='word_1_55' title='bbox 616 1191 725 1274; x_wconf 82' lang='lat' dir='ltr'>longae</span> <span class='ocrx_word' id='word_1_56' title='bbox 751 1192 907 1255; x_wconf 82' lang='lat' dir='ltr'>absentiae</span> <span class='ocrx_word' id='word_1_57' title='bbox 929 1193 1102 1255; x_wconf 88' lang='lat' dir='ltr'>conditione</span> 
     </span>
     <span class='ocr_line' id='line_1_10' title="bbox 160 1291 1101 1374; baseline 0.003 -22"><span class='ocrx_word' id='word_1_58' title='bbox 160 1303 230 1352; x_wconf 90' lang='lat' dir='ltr'>ante</span> <span class='ocrx_word' id='word_1_59' title='bbox 257 1292 490 1374; x_wconf 87' lang='lat' dir='ltr'>quadriennium</span> <span class='ocrx_word' id='word_1_60' title='bbox 517 1292 650 1354; x_wconf 87' lang='lat' dir='ltr'>emissus</span> <span class='ocrx_word' id='word_1_61' title='bbox 674 1305 731 1354; x_wconf 92' lang='lat' dir='ltr'>est.</span> <span class='ocrx_word' id='word_1_62' title='bbox 776 1291 888 1355; x_wconf 88' lang='lat' dir='ltr'>Omnia</span> <span class='ocrx_word' id='word_1_63' title='bbox 910 1295 976 1355; x_wconf 91' lang='lat' dir='ltr'>sine</span> <span class='ocrx_word' id='word_1_64' title='bbox 998 1292 1101 1368; x_wconf 92' lang='lat' dir='ltr'>dubi0‚</span> 
     </span>
     <span class='ocr_line' id='line_1_11' title="bbox 160 1392 1102 1473; baseline 0.001 -20"><span class='ocrx_word' id='word_1_65' title='bbox 160 1393 274 1472; x_wconf 89' lang='lat' dir='ltr'>optime</span> <span class='ocrx_word' id='word_1_66' title='bbox 297 1407 467 1472; x_wconf 83' lang='lat' dir='ltr'>parentum,</span> <span class='ocrx_word' id='word_1_67' title='bbox 484 1392 638 1454; x_wconf 86' lang='lat' dir='ltr'>assidente</span> <span class='ocrx_word' id='word_1_68' title='bbox 654 1393 862 1454; x_wconf 88' lang='lat' dir='ltr'>amantissima</span> <span class='ocrx_word' id='word_1_69' title='bbox 878 1414 981 1468; x_wconf 81' lang='lat' dir='ltr'>uxore,</span> <span class='ocrx_word' id='word_1_70' title='bbox 997 1415 1102 1473; x_wconf 91' lang='lat' dir='ltr'>super-</span> 
     </span>
     <span class='ocr_line' id='line_1_12' title="bbox 162 1491 1103 1574; baseline 0.002 -21"><span class='ocrx_word' id='word_1_71' title='bbox 162 1491 246 1554; x_wconf 87' lang='lat' dir='ltr'>fuere</span> <span class='ocrx_word' id='word_1_72' title='bbox 262 1491 367 1555; x_wconf 90' lang='lat' dir='ltr'>honori</span> <span class='ocrx_word' id='word_1_73' title='bbox 381 1505 452 1554; x_wconf 90' lang='lat' dir='ltr'>tuo:</span> <span class='ocrx_word' id='word_1_74' title='bbox 476 1493 672 1572; x_wconf 85' lang='lat' dir='ltr'>paucioribus</span> <span class='ocrx_word' id='word_1_75' title='bbox 686 1506 789 1554; x_wconf 85' lang='lat' dir='ltr'>tamen</span> <span class='ocrx_word' id='word_1_76' title='bbox 803 1493 937 1556; x_wconf 90' lang='lat' dir='ltr'>lacrimis</span> <span class='ocrx_word' id='word_1_77' title='bbox 952 1495 1103 1574; x_wconf 88' lang='lat' dir='ltr'>composi·</span> 
     </span>
     <span class='ocr_line' id='line_1_13' title="bbox 161 1592 1102 1677; baseline 0.003 -24"><span class='ocrx_word' id='word_1_78' title='bbox 161 1606 270 1668; x_wconf 77' lang='lat' dir='ltr'>tusca,</span> <span class='ocrx_word' id='word_1_79' title='bbox 288 1604 319 1654; x_wconf 91' lang='lat' dir='ltr'>et</span> <span class='ocrx_word' id='word_1_80' title='bbox 340 1593 552 1654; x_wconf 85' lang='lat' dir='ltr'>novissimam</span> <span class='ocrx_word' id='word_1_81' title='bbox 573 1592 642 1655; x_wconf 91' lang='lat' dir='ltr'>luce</span> <span class='ocrx_word' id='word_1_82' title='bbox 657 1593 869 1656; x_wconf 83' lang='lat' dir='ltr'>desideravere</span> <span class='ocrx_word' id='word_1_83' title='bbox 891 1594 1006 1677; x_wconf 88' lang='lat' dir='ltr'>aliquid</span> <span class='ocrx_word' id='word_1_84' title='bbox 1022 1594 1102 1656; x_wconf 90' lang='lat' dir='ltr'>oculi</span> 
     </span>
     <span class='ocr_line' id='line_1_14' title="bbox 161 1695 216 1756; baseline 0 -1"><span class='ocrx_word' id='word_1_85' title='bbox 161 1695 216 1756; x_wconf 92' lang='lat' dir='ltr'>tui.</span> 
     </span>
    </p>

    <p class='ocr_par' dir='ltr' id='par_1_3' title="bbox 157 1793 1142 3794">
     <span class='ocr_line' id='line_1_15' title="bbox 203 1793 1102 1880; baseline 0.004 -24"><span class='ocrx_word' id='word_1_86' title='bbox 203 1793 323 1858; x_wconf 85' lang='lat' dir='ltr'><strong>XLVI.</strong></span> <span class='ocrx_word' id='word_1_87' title='bbox 361 1794 396 1858; x_wconf 85' lang='lat' dir='ltr'>Si</span> <span class='ocrx_word' id='word_1_88' title='bbox 433 1796 502 1879; x_wconf 89' lang='lat' dir='ltr'>quis</span> <span class='ocrx_word' id='word_1_89' title='bbox 538 1797 660 1880; x_wconf 92' lang='lat' dir='ltr'>piorum</span> <span class='ocrx_word' id='word_1_90' title='bbox 695 1796 837 1859; x_wconf 90' lang='lat' dir='ltr'>manibus</span> <span class='ocrx_word' id='word_1_91' title='bbox 874 1796 970 1870; x_wconf 90' lang='lat' dir='ltr'>locus,</span> <span class='ocrx_word' id='word_1_92' title='bbox 1003 1797 1038 1872; x_wconf 90' lang='lat' dir='ltr'>si,</span> <span class='ocrx_word' id='word_1_93' title='bbox 1069 1811 1102 1860; x_wconf 87' lang='lat' dir='ltr'>ut</span> 
     </span>
     <span class='ocr_line' id='line_1_16' title="bbox 160 1897 1102 1983; baseline 0.003 -25"><span class='ocrx_word' id='word_1_94' title='bbox 160 1897 350 1978; x_wconf 85' lang='lat' dir='ltr'>sapientibus</span> <span class='ocrx_word' id='word_1_95' title='bbox 378 1897 488 1979; x_wconf 89' lang='lat' dir='ltr'>placet,</span> <span class='ocrx_word' id='word_1_96' title='bbox 519 1919 580 1960; x_wconf 93' lang='lat' dir='ltr'>non</span> <span class='ocrx_word' id='word_1_97' title='bbox 608 1920 682 1961; x_wconf 89' lang='lat' dir='ltr'>curn</span> <span class='ocrx_word' id='word_1_98' title='bbox 712 1919 838 1983; x_wconf 83' lang='lat' dir='ltr'>corpore</span> <span class='ocrx_word' id='word_1_99' title='bbox 868 1900 1102 1981; x_wconf 84' lang='lat' dir='ltr'>exstinguuntur</span> 
     </span>
     <span class='ocr_line' id='line_1_17' title="bbox 161 1999 1101 2083; baseline 0.002 -23"><span class='ocrx_word' id='word_1_100' title='bbox 161 2019 289 2082; x_wconf 84' lang='lat' dir='ltr'>magnae</span> <span class='ocrx_word' id='word_1_101' title='bbox 326 2000 456 2074; x_wconf 87' lang='lat' dir='ltr'>animae,</span> <span class='ocrx_word' id='word_1_102' title='bbox 489 1999 609 2079; x_wconf 82' lang='lat' dir='ltr'>placide</span> <span class='ocrx_word' id='word_1_103' title='bbox 638 2001 790 2083; x_wconf 89' lang='lat' dir='ltr'>quiescas,</span> <span class='ocrx_word' id='word_1_104' title='bbox 818 2021 945 2083; x_wconf 87' lang='lat' dir='ltr'>nosque,</span> <span class='ocrx_word' id='word_1_105' title='bbox 974 2000 1101 2063; x_wconf 90' lang='lat' dir='ltr'>domurn</span> 
     </span>
     <span class='ocr_line' id='line_1_18' title="bbox 160 2100 1100 2175; baseline 0.003 -15"><span class='ocrx_word' id='word_1_106' title='bbox 160 2111 254 2175; x_wconf 90' lang='lat' dir='ltr'>tuam,</span> <span class='ocrx_word' id='word_1_107' title='bbox 277 2101 315 2161; x_wconf 89' lang='lat' dir='ltr'>ab</span> <span class='ocrx_word' id='word_1_108' title='bbox 343 2100 463 2162; x_wconf 87' lang='lat' dir='ltr'>inlrrmo</span> <span class='ocrx_word' id='word_1_109' title='bbox 491 2100 644 2164; x_wconf 87' lang='lat' dir='ltr'>desiderio</span> <span class='ocrx_word' id='word_1_110' title='bbox 673 2113 703 2163; x_wconf 89' lang='lat' dir='ltr'>et</span> <span class='ocrx_word' id='word_1_111' title='bbox 728 2101 930 2164; x_wconf 88' lang='lat' dir='ltr'>muliebribus</span> <span class='ocrx_word' id='word_1_112' title='bbox 960 2101 1100 2164; x_wconf 89' lang='lat' dir='ltr'>lamentis</span> 
     </span>
     <span class='ocr_line' id='line_1_19' title="bbox 159 2199 1099 2285; baseline 0.005 -26"><span class='ocrx_word' id='word_1_113' title='bbox 159 2199 198 2261; x_wconf 83' lang='lat' dir='ltr'>ad</span> <span class='ocrx_word' id='word_1_114' title='bbox 235 2200 523 2280; x_wconf 90' lang='lat' dir='ltr'>contemplationem</span> <span class='ocrx_word' id='word_1_115' title='bbox 550 2200 698 2262; x_wconf 86' lang='lat' dir='ltr'>virtutum</span> <span class='ocrx_word' id='word_1_116' title='bbox 733 2213 856 2264; x_wconf 87' lang='lat' dir='ltr'>tuarum</span> <span class='ocrx_word' id='word_1_117' title='bbox 887 2224 990 2278; x_wconf 75' lang='lat' dir='ltr'>vocer,</span> <span class='ocrx_word' id='word_1_118' title='bbox 1023 2225 1099 2285; x_wconf 88' lang='lat' dir='ltr'>quas</span> 
     </span>
     <span class='ocr_line' id='line_1_20' title="bbox 160 2299 1100 2383; baseline 0.007 -24"><span class='ocrx_word' id='word_1_119' title='bbox 160 2319 261 2381; x_wconf 88' lang='lat' dir='ltr'>neque</span> <span class='ocrx_word' id='word_1_120' title='bbox 290 2299 387 2383; x_wconf 84' lang='lat' dir='ltr'>lugeri</span> <span class='ocrx_word' id='word_1_121' title='bbox 418 2320 518 2381; x_wconf 90' lang='lat' dir='ltr'>neque</span> <span class='ocrx_word' id='word_1_122' title='bbox 544 2299 647 2383; x_wconf 87' lang='lat' dir='ltr'>plangi</span> <span class='ocrx_word' id='word_1_123' title='bbox 670 2299 716 2362; x_wconf 84' lang='lat' dir='ltr'>ias</span> <span class='ocrx_word' id='word_1_124' title='bbox 744 2314 814 2363; x_wconf 88' lang='lat' dir='ltr'>est:</span> <span class='ocrx_word' id='word_1_125' title='bbox 844 2300 1042 2365; x_wconf 81' lang='lat' dir='ltr'>admiratione</span> <span class='ocrx_word' id='word_1_126' title='bbox 1070 2316 1100 2366; x_wconf 84' lang='lat' dir='ltr'>te</span> 
     </span>
     <span class='ocr_line' id='line_1_21' title="bbox 160 2393 1101 2484; baseline 0.006 -25"><span class='ocrx_word' id='word_1_127' title='bbox 160 2401 272 2478; x_wconf 90' lang='lat' dir='ltr'>potius,</span> <span class='ocrx_word' id='word_1_128' title='bbox 315 2406 348 2460; x_wconf 85' lang='lat' dir='ltr'>te</span> <span class='ocrx_word' id='word_1_129' title='bbox 399 2397 621 2462; x_wconf 87' lang='lat' dir='ltr'>immortalibus</span> <span class='ocrx_word' id='word_1_130' title='bbox 641 2393 793 2476; x_wconf 86' lang='lat' dir='ltr'>laudibds,</span> <span class='ocrx_word' id='word_1_131' title='bbox 810 2413 850 2476; x_wconf 91' lang='lat' dir='ltr'>et,</span> <span class='ocrx_word' id='word_1_132' title='bbox 867 2402 893 2464; x_wconf 90' lang='lat' dir='ltr'>si</span> <span class='ocrx_word' id='word_1_133' title='bbox 907 2415 1014 2464; x_wconf 87' lang='lat' dir='ltr'>natura</span> <span class='ocrx_word' id='word_1_134' title='bbox 1029 2425 1101 2484; x_wconf 92' lang='lat' dir='ltr'>sup·</span> 
     </span>
     <span class='ocr_line' id='line_1_22' title="bbox 160 2496 1142 2578; baseline 0.005 -19"><span class='ocrx_word' id='word_1_135' title='bbox 160 2498 284 2578; x_wconf 83' lang='lat' dir='ltr'>peditat,</span> <span class='ocrx_word' id='word_1_136' title='bbox 308 2496 507 2560; x_wconf 90' lang='lat' dir='ltr'>similitudine</span> <span class='ocrx_word' id='word_1_137' title='bbox 529 2497 722 2561; x_wconf 86' lang='lat' dir='ltr'>decoremus.</span> <span class='ocrx_word' id='word_1_138' title='bbox 766 2499 798 2562; x_wconf 89' lang='lat' dir='ltr'>ls</span> <span class='ocrx_word' id='word_1_139' title='bbox 821 2518 914 2562; x_wconf 87' lang='lat' dir='ltr'>verus</span> <span class='ocrx_word' id='word_1_140' title='bbox 935 2500 1043 2576; x_wconf 88' lang='lat' dir='ltr'>honos,</span> <span class='ocrx_word' id='word_1_141' title='bbox 1064 2522 1100 2564; x_wconf 90' lang='lat' dir='ltr'>ea</span> <span class='ocrx_word' id='word_1_142' title='bbox 1139 2514 1142 2520; x_wconf 84' lang='lat'>&#39;</span> 
     </span>
     <span class='ocr_line' id='line_1_23' title="bbox 159 2597 1100 2685; baseline 0.004 -26"><span class='ocrx_word' id='word_1_143' title='bbox 159 2597 402 2683; x_wconf 85' lang='lat' dir='ltr'>conjunctissimi</span> <span class='ocrx_word' id='word_1_144' title='bbox 438 2597 587 2682; x_wconf 84' lang='lat' dir='ltr'>cujusque</span> <span class='ocrx_word' id='word_1_145' title='bbox 622 2600 730 2680; x_wconf 90' lang='lat' dir='ltr'>pietas.</span> <span class='ocrx_word' id='word_1_146' title='bbox 788 2599 826 2662; x_wconf 93' lang='lat' dir='ltr'>ld</span> <span class='ocrx_word' id='word_1_147' title='bbox 861 2600 942 2662; x_wconf 86' lang='lat' dir='ltr'>filiae</span> <span class='ocrx_word' id='word_1_148' title='bbox 978 2621 1100 2685; x_wconf 89' lang='lat' dir='ltr'>quoque</span> 
     </span>
     <span class='ocr_line' id='line_1_24' title="bbox 160 2700 1100 2783; baseline 0.005 -23"><span class='ocrx_word' id='word_1_149' title='bbox 160 2700 307 2783; x_wconf 82' lang='lat' dir='ltr'>uxorique</span> <span class='ocrx_word' id='word_1_150' title='bbox 321 2701 541 2781; x_wconf 88' lang='lat' dir='ltr'>praeceperim,</span> <span class='ocrx_word' id='word_1_151' title='bbox 558 2701 604 2763; x_wconf 91' lang='lat' dir='ltr'>sic</span> <span class='ocrx_word' id='word_1_152' title='bbox 617 2701 722 2781; x_wconf 89' lang='lat' dir='ltr'>patris,</span> <span class='ocrx_word' id='word_1_153' title='bbox 739 2700 784 2763; x_wconf 91' lang='lat' dir='ltr'>sic</span> <span class='ocrx_word' id='word_1_154' title='bbox 806 2702 906 2764; x_wconf 84' lang='lat' dir='ltr'>mariti</span> <span class='ocrx_word' id='word_1_155' title='bbox 921 2703 1100 2766; x_wconf 88' lang='lat' dir='ltr'>memoriam</span> 
     </span>
     <span class='ocr_line' id='line_1_25' title="bbox 160 2800 1100 2886; baseline 0.005 -25"><span class='ocrx_word' id='word_1_156' title='bbox 160 2800 305 2874; x_wconf 87' lang='lat' dir='ltr'>venerari,</span> <span class='ocrx_word' id='word_1_157' title='bbox 322 2811 357 2862; x_wconf 92' lang='lat' dir='ltr'>ut</span> <span class='ocrx_word' id='word_1_158' title='bbox 382 2801 485 2862; x_wconf 89' lang='lat' dir='ltr'>omnia</span> <span class='ocrx_word' id='word_1_159' title='bbox 506 2800 588 2863; x_wconf 85' lang='lat' dir='ltr'>iacta</span> <span class='ocrx_word' id='word_1_160' title='bbox 608 2800 751 2884; x_wconf 89' lang='lat' dir='ltr'>dictaque</span> <span class='ocrx_word' id='word_1_161' title='bbox 777 2801 844 2886; x_wconf 88' lang='lat' dir='ltr'>ejus</span> <span class='ocrx_word' id='word_1_162' title='bbox 870 2806 978 2864; x_wconf 78' lang='lat' dir='ltr'>sec&#39;urn</span> <span class='ocrx_word' id='word_1_163' title='bbox 1002 2803 1100 2866; x_wconf 81' lang='lat' dir='ltr'>revol-</span> 
     </span>
     <span class='ocr_line' id='line_1_26' title="bbox 160 2901 1100 2987; baseline 0.004 -24"><span class='ocrx_word' id='word_1_164' title='bbox 160 2914 238 2977; x_wconf 83' lang='lat' dir='ltr'>vant,</span> <span class='ocrx_word' id='word_1_165' title='bbox 262 2901 454 2985; x_wconf 64' lang='lat' dir='ltr'>sormanque</span> <span class='ocrx_word' id='word_1_166' title='bbox 479 2923 515 2964; x_wconf 86' lang='lat' dir='ltr'>ac</span> <span class='ocrx_word' id='word_1_167' title='bbox 530 2901 660 2986; x_wconf 85' lang='lat' dir='ltr'>figuram</span> <span class='ocrx_word' id='word_1_168' title='bbox 686 2904 779 2965; x_wconf 91' lang='lat' dir='ltr'>animi</span> <span class='ocrx_word' id='word_1_169' title='bbox 806 2903 904 2986; x_wconf 86' lang='lat' dir='ltr'>magis</span> <span class='ocrx_word' id='word_1_170' title='bbox 919 2925 1013 2987; x_wconf 87' lang='lat' dir='ltr'>quarn</span> <span class='ocrx_word' id='word_1_171' title='bbox 1034 2926 1100 2967; x_wconf 91' lang='lat' dir='ltr'>cor·</span> 
     </span>
     <span class='ocr_line' id='line_1_27' title="bbox 158 3002 1099 3087; baseline 0.006 -24"><span class='ocrx_word' id='word_1_172' title='bbox 158 3003 239 3082; x_wconf 89' lang='lat' dir='ltr'>poris</span> <span class='ocrx_word' id='word_1_173' title='bbox 261 3002 525 3083; x_wconf 88' lang='lat' dir='ltr'>complectantur:</span> <span class='ocrx_word' id='word_1_174' title='bbox 548 3025 609 3064; x_wconf 92' lang='lat' dir='ltr'>non</span> <span class='ocrx_word' id='word_1_175' title='bbox 630 3004 702 3086; x_wconf 90' lang='lat' dir='ltr'>quia</span> <span class='ocrx_word' id='word_1_176' title='bbox 724 3003 972 3068; x_wconf 88' lang='lat' dir='ltr'>intercedendum</span> <span class='ocrx_word' id='word_1_177' title='bbox 994 3020 1099 3087; x_wconf 90' lang='lat' dir='ltr'>putem</span> 
     </span>
     <span class='ocr_line' id='line_1_28' title="bbox 159 3104 1099 3191; baseline 0.006 -26"><span class='ocrx_word' id='word_1_178' title='bbox 159 3104 353 3187; x_wconf 80' lang='lat' dir='ltr'>imaginibus,</span> <span class='ocrx_word' id='word_1_179' title='bbox 384 3126 464 3188; x_wconf 89' lang='lat' dir='ltr'>quae</span> <span class='ocrx_word' id='word_1_180' title='bbox 494 3126 645 3168; x_wconf 90' lang='lat' dir='ltr'>marmore</span> <span class='ocrx_word' id='word_1_181' title='bbox 673 3117 726 3168; x_wconf 91' lang='lat' dir='ltr'>aut</span> <span class='ocrx_word' id='word_1_182' title='bbox 754 3127 824 3169; x_wconf 87' lang='lat' dir='ltr'>aere</span> <span class='ocrx_word' id='word_1_183' title='bbox 847 3107 1020 3191; x_wconf 82' lang='lat' dir='ltr'>finguntur3</span> <span class='ocrx_word' id='word_1_184' title='bbox 1045 3108 1099 3171; x_wconf 91' lang='lat' dir='ltr'>sed</span> 
     </span>
     <span class='ocr_line' id='line_1_29' title="bbox 159 3205 1098 3281; baseline 0.007 -18"><span class='ocrx_word' id='word_1_185' title='bbox 159 3216 192 3264; x_wconf 90' lang='lat' dir='ltr'>ut</span> <span class='ocrx_word' id='word_1_186' title='bbox 220 3205 323 3267; x_wconf 87' lang='lat' dir='ltr'>vultus</span> <span class='ocrx_word' id='word_1_187' title='bbox 352 3205 520 3281; x_wconf 89' lang='lat' dir='ltr'>hominum,</span> <span class='ocrx_word' id='word_1_188' title='bbox 551 3207 593 3269; x_wconf 86' lang='lat' dir='ltr'>ita</span> <span class='ocrx_word' id='word_1_189' title='bbox 622 3207 785 3270; x_wconf 88' lang='lat' dir='ltr'>simulacra</span> <span class='ocrx_word' id='word_1_190' title='bbox 814 3207 916 3271; x_wconf 90' lang='lat' dir='ltr'>vultus</span> <span class='ocrx_word' id='word_1_191' title='bbox 946 3208 1098 3271; x_wconf 85' lang='lat' dir='ltr'>imbecilla</span> 
     </span>
     <span class='ocr_line' id='line_1_30' title="bbox 158 3305 1098 3390; baseline 0.007 -26"><span class='ocrx_word' id='word_1_192' title='bbox 158 3322 195 3365; x_wconf 86' lang='lat' dir='ltr'>ac</span> <span class='ocrx_word' id='word_1_193' title='bbox 209 3305 347 3369; x_wconf 87' lang='lat' dir='ltr'>mortalia</span> <span class='ocrx_word' id='word_1_194' title='bbox 369 3319 458 3384; x_wconf 91' lang='lat' dir='ltr'>sunt;</span> <span class='ocrx_word' id='word_1_195' title='bbox 481 3307 578 3370; x_wconf 87' lang='lat' dir='ltr'>forma</span> <span class='ocrx_word' id='word_1_196' title='bbox 600 3309 713 3371; x_wconf 90' lang='lat' dir='ltr'>mentis</span> <span class='ocrx_word' id='word_1_197' title='bbox 735 3321 867 3384; x_wconf 88' lang='lat' dir='ltr'>aeterna,</span> <span class='ocrx_word' id='word_1_198' title='bbox 883 3330 976 3390; x_wconf 89' lang='lat' dir='ltr'>quam</span> <span class='ocrx_word' id='word_1_199' title='bbox 996 3321 1098 3371; x_wconf 89' lang='lat' dir='ltr'>tenere</span> 
     </span>
     <span class='ocr_line' id='line_1_31' title="bbox 158 3394 1097 3488; baseline 0.006 -24"><span class='ocrx_word' id='word_1_200' title='bbox 158 3415 189 3465; x_wconf 89' lang='lat' dir='ltr'>et</span> <span class='ocrx_word' id='word_1_201' title='bbox 217 3394 387 3484; x_wconf 84' lang='lat' dir='ltr'>exprimere</span> <span class='ocrx_word' id='word_1_202' title='bbox 415 3428 476 3469; x_wconf 91' lang='lat' dir='ltr'>non</span> <span class='ocrx_word' id='word_1_203' title='bbox 504 3429 559 3488; x_wconf 89' lang='lat' dir='ltr'>per</span> <span class='ocrx_word' id='word_1_204' title='bbox 587 3408 718 3472; x_wconf 87' lang='lat' dir='ltr'>alienam</span> <span class='ocrx_word' id='word_1_205' title='bbox 746 3410 904 3472; x_wconf 87' lang='lat' dir='ltr'>materiam</span> <span class='ocrx_word' id='word_1_206' title='bbox 933 3421 964 3471; x_wconf 89' lang='lat' dir='ltr'>et</span> <span class='ocrx_word' id='word_1_207' title='bbox 992 3420 1097 3485; x_wconf 87' lang='lat' dir='ltr'>artem,</span> 
     </span>
     <span class='ocr_line' id='line_1_32' title="bbox 158 3500 1098 3592; baseline 0.006 -25"><span class='ocrx_word' id='word_1_208' title='bbox 158 3503 216 3567; x_wconf 89' lang='lat' dir='ltr'>sed</span> <span class='ocrx_word' id='word_1_209' title='bbox 240 3506 301 3566; x_wconf 83' lang='lat' dir='ltr'>turs</span> <span class='ocrx_word' id='word_1_210' title='bbox 323 3505 389 3589; x_wconf 88' lang='lat' dir='ltr'>ipse</span> <span class='ocrx_word' id='word_1_211' title='bbox 411 3507 547 3570; x_wconf 91' lang='lat' dir='ltr'>morib&#39;us</span> <span class='ocrx_word' id='word_1_212' title='bbox 568 3510 679 3588; x_wconf 85' lang='lat' dir='ltr'>possis.</span> <span class='ocrx_word' id='word_1_213' title='bbox 718 3500 883 3592; x_wconf 78' lang='lat' dir='ltr'>&#39;Quidquid</span> <span class='ocrx_word' id='word_1_214' title='bbox 906 3530 944 3571; x_wconf 82' lang='lat' dir='ltr'>ex</span> <span class='ocrx_word' id='word_1_215' title='bbox 955 3508 1098 3592; x_wconf 84' lang='lat' dir='ltr'>Agricola</span> 
     </span>
     <span class='ocr_line' id='line_1_33' title="bbox 157 3591 1098 3689; baseline 0.005 -21"><span class='ocrx_word' id='word_1_216' title='bbox 157 3591 339 3681; x_wconf 86' lang='lat' dir='ltr'>amavimus,</span> <span class='ocrx_word' id='word_1_217' title='bbox 355 3606 503 3689; x_wconf 91' lang='lat' dir='ltr'>quidquid</span> <span class='ocrx_word' id='word_1_218' title='bbox 524 3609 624 3671; x_wconf 89' lang='lat' dir='ltr'>mirati</span> <span class='ocrx_word' id='word_1_219' title='bbox 647 3631 766 3686; x_wconf 89' lang='lat' dir='ltr'>sumus,</span> <span class='ocrx_word' id='word_1_220' title='bbox 782 3621 886 3672; x_wconf 85' lang='lat' dir='ltr'>manet</span> <span class='ocrx_word' id='word_1_221' title='bbox 906 3631 1098 3674; x_wconf 89' lang='lat' dir='ltr'>mansurum·</span> 
     </span>
     <span class='ocr_line' id='line_1_34' title="bbox 157 3707 1087 3794; baseline 0.006 -24"><span class='ocrx_word' id='word_1_222' title='bbox 157 3719 281 3790; x_wconf 85' lang='lat' dir='ltr'>quaest</span> <span class='ocrx_word' id='word_1_223' title='bbox 302 3707 334 3770; x_wconf 93' lang='lat' dir='ltr'>in</span> <span class='ocrx_word' id='word_1_224' title='bbox 355 3707 466 3769; x_wconf 89' lang='lat' dir='ltr'>animis</span> <span class='ocrx_word' id='word_1_225' title='bbox 488 3707 655 3785; x_wconf 90' lang='lat' dir='ltr'>hominum,</span> <span class='ocrx_word' id='word_1_226' title='bbox 671 3710 703 3772; x_wconf 93' lang='lat' dir='ltr'>in</span> <span class='ocrx_word' id='word_1_227' title='bbox 717 3711 893 3774; x_wconf 88' lang='lat' dir='ltr'>aeternitate</span> <span class='ocrx_word' id='word_1_228' title='bbox 916 3724 1087 3794; x_wconf 87' lang='lat' dir='ltr'>temporum</span> 
     </span>
    </p>
   </div>
   <div class='ocr_carea' id='block_1_3' title="bbox 0 0 1262 4154">
    <p class='ocr_par' dir='ltr' id='par_1_4' title="bbox 0 0 1262 4154">
     <span class='ocr_line' id='line_1_35' title="bbox 0 0 1262 4154; baseline 0 1"><span class='ocrx_word' id='word_1_229' title='bbox 0 0 1262 4154; x_wconf 95' lang='lat' dir='ltr'> </span> 
     </span>
    </p>
   </div>
  </div>
 </body>
</html>
