2514 4154
227 323 265 380 ³8
557 335 583 377 t.
611 334 708 377 conr.
732 334 843 376 rrcrrr

224 497 399 565 rusumpta:
423 505 469 561 ac,
483 483 509 546 si
526 482 621 545 virtus
637 483 828 545 exercituum
843 495 874 545 et
889 480 1022 545 Romani
1035 483 1166 545 nominis

223 586 319 666 gloria
343 598 506 666 patoretur,
523 585 665 647 inventus
687 585 719 647 in
740 584 808 664 ipsa
823 583 981 647 Britannia
1005 584 1154 646 terminus

223 686 306 750 Nam
331 687 421 750 Clota
443 700 474 750 et
496 685 651 763 Bodotria,
681 685 794 748 diversi
823 687 918 748 maris
947 685 1084 747 aestibus
1112 704 1164 765 per

224 789 410 852 immensum
429 802 581 864 retectae,
598 794 737 871 angusto'
744 800 892 850 terrarum
908 788 1007 868 spatio
1020 785 1168 849 dirimun-

224 903 290 953 tur:
320 890 404 975 quod
432 904 499 954 tum
527 891 689 972 praesidiis
718 890 916 952 firmabatur:
946 902 1038 972 atque
1067 889 1166 952 omnis
1228 904 1251 949 .·

224 992 343 1072 propior
379 993 465 1053 sinus
502 991 671 1067 tenebatur,
704 990 866 1052 summotis
895 952 980 1051 velut
1016 989 1048 1052 in
1076 988 1167 1051 aliam
1221 1000 1229 1009 ·’

222 1093 355 1155 insulam
378 1091 530 1155 hostibus.
1180 1090 1183 1095 ⁸

264 1193 388 1258 XXIV.
422 1193 540 1267 Quinto
570 1194 800 1276 expeditionum
835 1213 925 1267 annu,
957 1213 1034 1254 nave
1070 1193 1168 1272 prima

223 1308 442 1380 transgressus,
473 1296 593 1380 ignotas
622 1295 661 1359 ad
690 1295 721 1358 id
750 1308 873 1378 tempus
909 1306 1016 1376 gentes
1052 1293 1167 1355 crebris

222 1398 314 1462 simul
342 1421 379 1462 ac
404 1398 558 1480 prosperis
584 1398 709 1479 procliis
732 1396 870 1459 domuit:
894 1415 1025 1478 eamque
1050 1406 1167 1475 partem

223 1499 408 1577 Britanniae,
431 1522 511 1585 quac
540 1499 724 1563 Hiberniam
753 1499 872 1580 aspicit,
902 1498 999 1579 copiis
1028 1497 1168 1560 instruxit

223 1603 252 1664 in
282 1624 371 1682 spem
406 1603 507 1684 magis
535 1623 629 1684 quam
663 1601 702 1663 ob
731 1600 950 1678 formidinem3
988 1600 1015 1663 si
1043 1599 1168 1683 quidem

222 1702 383 1778 Hibernia,
410 1702 514 1764 medio
542 1703 621 1764 inter
648 1700 838 1763 Britanniam
867 1714 959 1783 atque
983 1700 1168 1780 Hispaniam

222 1805 281 1866 sita
296 1815 326 1866 et
342 1802 463 1866 Gallico
485 1823 609 1885 quoque
631 1801 708 1862 mari
731 1813 910 1883 opportuna,
926 1800 1167 1866 valentissimam

223 1905 342 1984 imperii
378 1916 496 1985 partem
531 1901 653 1984 magnis
687 1901 820 1963 invicem
855 1901 965 1985 usibus
998 1901 1168 1966 miscuerit..

223 2005 365 2085 Spatium
395 2004 472 2088 ejuS,
502 2005 530 2066 si
559 2002 734 2066 Britanniae
763 2016 967 2086 comparetur,
995 2005 1167 2085 angustius,

223 2107 316 2169 nostri
345 2107 439 2169 maris
465 2105 583 2168 insulas
613 2116 746 2186 superat.
792 2103 901 2167 Solum
930 2103 1115 2188 coelumque
1138 2118 1169 2168 et

223 2208 345 2290 ingenia
359 2207 523 2291 cultusque
546 2207 705 2270 hominurn
727 2205 810 2270 haud
832 2207 965 2271 multum
979 2229 998 2270 a
1013 2205 1168 2270 Britannia

223 2309 384 2373 differunt:
414 2309 448 2374 in
471 2310 584 2374 melius
607 2309 708 2373 aditus
730 2323 898 2393 portusque
913 2331 970 2396 per
983 2311 1169 2373 commercia

223 2425 254 2475 et
267 2414 471 2498 negotiatores
494 2414 620 2498 cogniti.
665 2412 812 2498 Agricola
833 2413 998 2494 expulsum
1020 2413 1169 2476 seditione

223 2516 392 2584 domestica
406 2538 504 2580 unum
526 2538 565 2579 ex
585 2515 702 2599 regulis
721 2517 822 2598 gentis
837 2528 1000 2597 exceperat
1013 2537 1050 2578 ac
1065 2515 1169 2596 specie

222 2619 375 2681 amicitiae
412 2620 443 2682 in
480 2619 676 2681 occasionem
710 2617 870 2679 retinebat.
927 2617 1028 2696 Saepe
1061 2637 1100 2677 ex
1133 2637 1169 2678 eo

223 2719 336 2795 audiri,
351 2720 473 2802 legione
495 2741 557 2782 una
579 2731 610 2782 et
630 2717 761 2781 modicis
783 2717 905 2779 auxiliis
924 2716 1070 2779 debellari
1094 2716 1169 2778 obti-

225 2820 350 2904 nerique
387 2818 570 2883 Hiberniam
607 2840 711 2904 posse.
755 2818 855 2902 quue
890 2819 985 2880 etiam
1020 2816 1169 2879 adversus

228 2919 414 2983 Britanniam
435 2920 639 3002 profuturum,
663 2921 691 2984 si
717 2920 859 2984 Romana
884 2920 999 3002 ubique
1022 2940 1115 2994 arma,
1140 2934 1170 2994 et

229 3021 308 3084 relut
322 3042 340 3084 e
355 3037 524 3106 conspectu
539 3023 664 3086 libertas
679 3023 846 3085 tolleretur.

82 3138 221 3203 f·-
265 3121 374 3186 XXV.
398 3123 546 3187 Ceterum
569 3130 696 3199 aestate,
713 3146 775 3207 qua
797 3136 918 3185 sextum
941 3121 1034 3185 officii
1056 3143 1170 3187 annum

1 3208 20 3263 ²⁹
113 3208 117 3217 ⁴
226 3223 396 3299 rnchoabat‚
415 3209 581 3308 'amplexus
606 3225 746 3286 civitates
770 3236 853 3287 trans
880 3222 1058 3287 Bodotriam
1084 3225 1167 3300 sitas,

224 3326 297 3409 quia
330 3337 433 3407 motus
469 3326 682 3388 universarum
717 3324 797 3387 ultra
832 3325 972 3408 gentium
1000 3336 1031 3388 et
1060 3323 1166 3388 infesta

224 3426 344 3491 hostilis
380 3428 534 3490 exercitus
567 3427 676 3490 itinera
705 3425 901 3503 timebantur,
930 3438 1037 3508 portus
1070 3426 1168 3490 classe

225 3530 409 3611 exploravit:
433 3552 524 3614 quae,
554 3530 592 3592 ab
621 3529 768 3614 Agricola
795 3528 931 3614 primum
959 3542 1118 3610 assumpta
1140 3529 1168 3591 in

225 3644 342 3694 nartem
363 3633 484 3708 virium,
500 3632 687 3717 sequebatur
711 3633 836 3716 egregia
858 3631 973 3716 specie,
990 3652 1063 3694 cum
1079 3628 1168 3693 simul

227 3744 314 3808 terra,
331 3733 423 3796 simul
438 3735 514 3797 mari
529 3735 645 3799 bellurn
666 3734 885 3821 impelleretur,
900 3755 938 3797 ac
952 3752 1045 3814 saepe
1062 3729 1167 3795 iisdem
