2514 4154
535 322 705 364 ronroonr.
1053 305 1090 360 fil

158 484 188 533 ot
203 468 373 534 libertatem
395 492 454 532 non
477 470 507 532 in
528 469 744 550 poenitentiam
763 467 863 542 laturi,
879 468 977 548 primo
992 469 1091 530 statim

158 592 324 654 congressu
360 592 459 632 nonne
496 570 702 646 ostendamus,
732 591 810 652 quos
839 569 897 633 sibi
927 568 1091 633 Caledonia

159 674 237 734 viros
261 670 452 753 seposuerit?
496 672 545 733 An
568 671 697 735 eandem
720 670 869 734 Romanis
891 671 922 733 in
940 669 1021 733 bello
1035 671 1092 732 vir·

158 784 263 846 tutcm,
280 794 373 853 quarn
389 773 418 832 in
433 793 509 855 pace
524 770 683 833 lasciviam
698 769 807 832 adesse
822 770 945 833 creditis
957 769 988 833 l”

197 869 328 931 XXXII.
352 871 503 934 “Nostris
533 871 576 934 illi
601 871 844 934 dissensionibus
871 892 909 932 ac
934 869 1092 932 discordiis

158 972 239 1047 clari,
255 974 327 1034 vitia
349 973 483 1034 hostium
505 973 536 1035 in
557 972 685 1055 gloriam
707 973 859 1035 exercitus
881 973 929 1035 sui
950 983 1092 1034 vertunt:

156 1093 249 1155 quem
271 1086 459 1136 contractum
475 1095 513 1135 ex
527 1073 745 1136 diversissimis
767 1074 920 1156 gentibus,
937 1086 971 1135 ut
986 1092 1081 1135 secun

156 1173 212 1236 dae
235 1195 283 1235 res
305 1186 418 1249 tenent,
435 1175 476 1236 ita
492 1173 637 1236 adversae
659 1173 846 1236 dissolvent:
869 1175 928 1237 nisi
945 1174 971 1236 si
987 1173 1092 1235 Gallos

155 1286 186 1336 et
202 1271 373 1336 Germanos
396 1287 427 1337 et
439 1275 550 1355 (pudet
571 1273 670 1352 dictu)
685 1273 900 1337 Britannorum
920 1274 1093 1357 plerosque,

157 1375 227 1437 licet
241 1374 436 1438 dominationi
459 1374 576 1437 alienae
598 1376 780 1456 sanguinem
802 1373 1005 1448 commodent,
1027 1373 1093 1436 diu'-

156 1476 217 1536 tius
239 1488 341 1536 tamen
366 1474 470 1536 hostes
485 1495 578 1557 quarn
604 1495 718 1547 servos,
734 1473 794 1535 fide
817 1486 848 1536 et
862 1473 973 1536 affectu
999 1461 1092 1535 teneri

157 1576 287 1655 putatis:
312 1587 412 1635 metus
428 1586 458 1635 et
473 1585 567 1635 terror
588 1586 644 1648 est,
661 1573 780 1635 infirma
795 1573 916 1636 vinculo
937 1558 1092 1635 caritatis:

157 1696 235 1757 quae
259 1676 311 1737 ubi
333 1676 508 1750 removeris,
525 1674 576 1758 qui
599 1675 707 1736 timere
722 1674 875 1749 desierint,
892 1673 994 1737 odisse
1019 1675 1092 1736 inci'-

157 1778 251 1860 pient.
295 1775 408 1838 Omnia
429 1776 572 1839 victoriae
596 1776 791 1840 incitamenta
811 1797 867 1859 pro
888 1776 976 1838 nobis
1003 1765 1093 1837 sun't:

157 1877 256 1940 nullae
281 1876 439 1940 Romanos
463 1876 609 1962 conjuges
634 1876 823 1953 accendunt3
853 1876 928 1939 nulli
954 1889 1094 1957 parentes

158 1977 261 2062 lugam
283 1978 490 2060 exprobraturi
514 1991 605 2052 sunt;
628 1989 682 2040 aut
704 1967 787 2040 nulla
809 1977 965 2060 plerisque
987 1978 1094 2061 patria,

157 2092 209 2142 ant
236 2079 296 2142 alia
325 2091 382 2141 est.
437 2077 560 2141 Paucos
589 2099 726 2153 numer0,
755 2079 889 2158 trepidos
918 2079 1094 2161 ignorantia,

157 2178 279 2240 coelum
303 2179 408 2261 ipsum
433 2200 469 2240 ac
492 2199 575 2240 mare
601 2191 632 2239 et
658 2177 760 2252 silvaS,
784 2177 886 2259 ignota
912 2178 1014 2239 omnia
1039 2179 1093 2239 cir·

157 2289 413 2358 cumspeotantes‚
441 2277 562 2340 clausos
592 2277 817 2359 quodammodo
845 2298 881 2339 ac
909 2278 1027 2340 vinctos
1053 2277 1095 2339 dii

157 2378 243 2439 nobis
266 2376 462 2439 tradiderunt.
505 2375 556 2440 Nc
579 2389 689 2439 terreat
710 2397 806 2438 vanus
828 2389 971 2457 aspectus
986 2388 1017 2438 et
1031 2383 1096 2439 auri

159 2478 257 2560 fulgor
271 2490 362 2560 atque
377 2477 503 2558 argenti,
519 2477 602 2559 quod
623 2497 723 2558 neque
744 2476 819 2558 tegit
832 2496 932 2559 neque
946 2475 1095 2539 vulnerat.

160 2601 194 2642 .n
224 2579 291 2659 ipsa
326 2577 461 2640 hostium
494 2578 560 2640 acie
589 2577 780 2640 inveniemus
812 2587 930 2638 nostras
966 2597 1095 2638 manus:

146 2665 326 2764 'agnoscent
362 2676 499 2741 Britanni
540 2701 628 2741 suam
664 2698 816 2740 causam:
859 2676 1097 2740 recordabuntur

162 2778 244 2843 Gallr
271 2781 403 2861 priorem
424 2779 616 2842 libertatern:
646 2777 788 2841 deserent
814 2776 881 2840 illos
904 2777 998 2840 ceteri
1021 2775 1097 2860 Gerf

161 2883 251 2957 mani,
267 2894 412 2962 tanquam
434 2900 532 2960 nuper
555 2879 657 2962 Usipii
678 2877 875 2960 reliquerunt.
919 2876 989 2940 Nec
1010 2879 1098 2961 quid·

161 3003 252 3063 quarn
296 2981 375 3043 ultra
417 2979 612 3042 formidinis:
666 3000 763 3041 vacua
809 2978 945 3053 castello,
989 3000 1097 3042 senum

161 3081 307 3156 coloniae,
338 3082 416 3144 inter
449 3080 530 3142 male
565 3092 706 3160 parentes
736 3091 766 3141 et
801 3079 913 3162 injuste
948 3081 1097 3164 imperan-

163 3193 208 3242 tes
237 3190 329 3264 aegra
356 3181 524 3261 municipia
552 3193 583 3242 et
610 3180 835 3243 discordantia:
868 3180 918 3243 hic
947 3179 1019 3255 dux,
1050 3179 1098 3241 liic

163 3283 332 3345 exercitus:
362 3283 404 3345 ibr
428 3283 540 3344 tributa
563 3293 594 3344 et
618 3281 742 3344 metalla
764 3294 795 3343 et
821 3294 941 3344 ceterae
968 3280 1099 3341 servien-

163 3382 240 3442 tium
261 3402 398 3460 poenae:
422 3404 499 3464 quas
523 3383 553 3444 in
578 3395 736 3444 aeternum
761 3381 894 3461 perferre
920 3393 972 3441 aut
998 3379 1098 3444 statim

164 3480 268 3542 ulcisci
288 3481 323 3541 'in
344 3481 403 3543 hoc
423 3504 533 3565 campo
556 3495 613 3545 est.
656 3481 789 3545 Proinde
812 3483 880 3544 ituri
904 3482 934 3543 in
957 3480 1055 3541 aciem
1070 3491 1098 3542 et

165 3569 291 3664 majores
306 3593 423 3642 vestros
438 3594 468 3643 et
482 3595 621 3664 posteros
642 3581 803 3664 cogitate.'’

178 3648 532 3815 lXXXlll.4l3rrcepere
559 3684 723 3745 orationem
751 3681 877 3756 alacres,
904 3693 938 3742 ut
966 3678 1098 3742 barbaria
