2514 4154
162 283 200 342 26
469 299 499 339 c.
522 297 619 340 coru.
642 296 778 340 rrcrrrs

159 454 252 522 nupta
287 457 443 507 comatur:
477 443 532 506 sed
560 443 655 505 bores
683 456 715 506 et
739 443 891 508 frenatum
919 465 1034 528 equum
1063 461 1090 510 et

158 553 280 604 scutum
294 563 368 606 cum
381 543 498 606 framea
516 542 690 627 gladioque.
733 541 770 606 In
785 542 862 606 haec
876 567 1004 607 munera
1017 567 1092 608 uxor

157 641 321 724 accipitur;
349 655 440 726 atque
464 643 597 706 invicem
625 644 692 724 ipsa
715 666 868 708 armorum
891 643 1006 727 aliquid
1028 667 1092 706 vrro

157 741 264 804 affert:
287 741 346 805 hoc
371 744 540 806 maximum
565 744 733 819 vinculum,
758 745 835 808 haec
859 767 970 807 arcana
995 766 1091 820 saera,

156 841 211 903 bos
233 842 409 927 conjugales
431 842 506 906 deos
528 845 718 909 arbitrantur.
762 843 812 908 Ne
828 867 861 908 se
876 845 987 908 mulier
1008 858 1090 907 extra

156 943 301 1005 virtutum
322 945 521 1028 cogitationes
544 957 687 1028 extraque
709 946 859 1009 bellorum
881 967 973 1008 casus
994 959 1089 1030 putet,

156 1043 229 1122 ipsis
271 1044 443 1124 incipientis
486 1046 669 1109 matrimonii
712 1047 859 1127 auspiciis
902 1046 1089 1121 admonetur,

155 1143 256 1207 venire
286 1165 319 1206 se
343 1144 481 1208 laborum
509 1146 777 1230 periculorumque
807 1147 932 1222 sociam,
956 1146 1037 1208 idem
1059 1147 1090 1208 in

155 1264 242 1328 pace,
271 1244 354 1308 idern
383 1228 557 1328 in⁴proelio
585 1268 746 1331 passuram
775 1267 1001 1328 ausuramque:
1032 1246 1090 1308 hoc

159 1346 258 1430 juncti
278 1347 384 1424 boves,
407 1347 467 1411 hoc
488 1361 610 1429 paratus
633 1369 743 1430 equus,
762 1348 821 1410 hoc
842 1347 912 1411 data
933 1369 1017 1409 arma
1037 1346 1090 1409 de·

155 1449 311 1525 nuntiant;
336 1450 381 1511 sic
395 1449 570 1526 vivendum,
587 1449 632 1511 sic
646 1449 858 1530 pereundum:
882 1450 1021 1532 accipere
1045 1470 1089 1525 se,

155 1571 233 1632 quae
262 1549 366 1613 liberis
395 1550 538 1613 inviolata
566 1572 603 1612 ac
628 1550 722 1633 digna
750 1549 865 1625 reddat,
888 1571 966 1632 quae
996 1571 1090 1612 nurus

154 1651 303 1730 accipiant
323 1671 440 1724 rursus,
464 1672 542 1732 quae
565 1648 752 1730 adnepotes
777 1651 954 1713 reserantur.

195 1747 285 1812 XIX.
309 1746 393 1830 Ergo
415 1762 502 1828 septa
523 1748 670 1828 pudicitia
691 1762 795 1831 agunt,
818 1749 910 1811 nullis
932 1762 1090 1829 spectacu-

153 1850 251 1913 lorum
288 1849 452 1922 illecebris,
488 1847 580 1909 nullis
623 1849 832 1911 conviviorum
874 1850 1089 1912 irritationibus

154 1962 321 2031 corruptae.
366 1947 550 2011 Litterarum
574 1960 692 2010 secreta
706 1949 762 2011 viri
782 1948 894 2028 pariter
907 1971 944 2011 ac
958 1949 1089 2012 feminae

154 2052 299 2134 ignorant.
343 2048 538 2112 Paucissima
566 2047 598 2111 in
619 2060 682 2110 tam
706 2069 870 2112 numerosa
892 2061 983 2133 gente
1005 2049 1078 2113 adul

153 2151 248 2224 teria;
278 2171 408 2233 quorum
436 2170 535 2234 poena
567 2169 712 2229 praesens
735 2162 766 2212 et
786 2151 903 2212 maritis
930 2151 1089 2230 permissa.

153 2252 274 2313 Accisis
296 2251 441 2327 crinibus,
464 2249 619 2325 nudatam,
639 2271 742 2312 coram
764 2251 951 2335 propinquis,
968 2251 1089 2331 expellit

153 2351 242 2414 domo
270 2352 408 2426 maritus,
431 2371 468 2412 ac
493 2371 549 2435 per
577 2372 699 2414 omnem
725 2352 828 2414 vicum
850 2352 976 2414 verbere
1005 2353 1089 2435 agit:

153 2452 323 2534 publicatae
353 2452 433 2515 enim
462 2451 627 2532 pudicitiae
655 2452 740 2515 nulla
761 2454 871 2515 venia:
901 2475 961 2515 non
983 2451 1088 2529 forma,

153 2575 211 2616 non
240 2566 348 2629 aetate,
376 2575 436 2615 non
466 2553 575 2633 opibus
604 2554 748 2615 maritum
776 2554 934 2616 invenerit.
988 2551 1090 2615 Nemo

154 2654 235 2715 enirn
255 2653 319 2717 illic
340 2655 413 2715 vitia
440 2653 537 2715 ridet:
567 2672 626 2713 nec
654 2673 848 2732 eorrumpere
878 2664 909 2714 et
937 2653 1090 2732 corrumpi

153 2752 313 2814 saeculum
335 2764 471 2814 vocatur.
518 2751 631 2813 Melius
657 2750 782 2833 quidem
805 2750 906 2813 adhuc
935 2772 990 2812 eae
1017 2751 1090 2812 civi·

154 2864 239 2926 tates,
263 2853 294 2913 in
316 2851 428 2934 quibus
450 2862 567 2914 tantum
582 2851 715 2933 virgines
737 2851 867 2926 nubunt,
883 2864 912 2914 et
935 2872 1008 2913 cum
1035 2871 1089 2931 spe

154 2964 283 3034 votoque
298 2952 401 3013 uxoris
417 2951 514 3013 semel
529 2952 714 3034 transigitur.
758 2951 812 3014 Sic
826 2973 923 3015 unum
937 2952 1089 3032 accipiunt

153 3053 305 3128 maritum,
321 3073 383 3134 quo
404 3052 495 3116 modo
509 3073 606 3115 unum
628 3074 740 3137 corpus
762 3073 917 3135 unamque
932 3053 1036 3127 vitam,
1051 3072 1089 3114 ne

154 3152 215 3215 ulla
251 3153 394 3235 cogitatio
428 3152 517 3226 ultra,
546 3173 585 3214 ne
613 3152 732 3236 longior
766 3152 929 3236 cupiditas,
958 3173 997 3214 ue
1026 3164 1076 3214 tan

154 3273 246 3336 quam
273 3251 426 3326 maritum,
457 3251 512 3314 sed
539 3263 685 3335 tanquam
720 3253 947 3315 matrimonium
977 3264 1080 3314 ament

154 3353 328 3418 Numerum
349 3353 513 3415 liberorum
528 3353 625 3429 finire,
641 3366 694 3416 aut
715 3374 891 3436 quenquam
913 3374 951 3414 ex
972 3355 1087 3435 agnatis

155 3477 273 3532 uocare,
300 3454 450 3538 flagitium
479 3453 628 3517 habetur:
657 3454 789 3537 plusque
818 3454 861 3516 ibi
889 3454 959 3515 boni
989 3475 1088 3515 mores

156 3557 265 3626 valent,
280 3575 373 3639 quam
388 3554 460 3618 alibi
475 3555 573 3617 bonae
588 3555 685 3638 leges.

198 3655 271 3719 XX.
294 3655 330 3718 In
346 3657 427 3718 omni
441 3657 533 3720 domo
553 3656 624 3718 nudi
641 3678 678 3719 ac
694 3655 817 3730 sordidi,
833 3657 864 3718 in
879 3655 935 3718 hos
950 3668 1033 3717 artus
1060 3657 1086 3715 ir
