2514 4154
149 314 151 318 ·
187 297 226 352 bo
515 316 544 352 e.
569 313 664 354 court.
688 313 795 354 rncrrr
825 370 829 381 ι

186 453 337 533 obviust'
358 458 469 540 quibus
506 459 538 520 in
574 480 697 521 omnem
733 473 850 539 partem
886 461 1031 537 dimisere,
1070 458 1121 526 ubi
1185 448 1187 451 V

184 559 298 622 incerta
312 558 404 641 fugae
426 561 555 642 vestigia
576 581 677 642 neque
699 583 830 643 usquam
854 562 1028 644 conglobari
1052 563 1109 625 hos

185 671 230 721 tes
257 672 447 739 compertum
469 673 500 722 et
522 673 627 722 exacta
650 660 714 744 jam
737 673 852 723 aestate
878 664 979 745 spargi
1006 664 1120 726 bellum

184 760 337 841 nequibat,
354 760 384 821 in
400 760 475 822 fines
492 760 696 823 Horestorum
712 763 879 825 exercitum
894 763 1028 825 deducit.
1074 763 1120 826 Ibi

184 861 318 944 acceptis
341 861 508 936 obsidibus,
531 861 685 941 praefecto
714 862 823 924 classis
846 863 1033 926 circumvehi
1055 862 1109 926 Bri

184 962 316 1023 tanniam
338 962 502 1045 praecepit.
546 960 644 1024 Darae
667 963 706 1024 ad
728 962 759 1025 id
781 964 871 1038 vires,
896 978 926 1026 et
948 985 1109 1045 praecesse

183 1073 228 1123 rat
242 1075 346 1123 terror.
392 1060 463 1142 Ipse
485 1062 621 1146 peditem
644 1081 734 1146 atque
758 1065 877 1145 equites
900 1064 981 1127 lento
1003 1066 1121 1138 itinere,

183 1183 244 1243 quo
279 1184 425 1224 novarum
458 1164 595 1246 gentium
629 1164 721 1226 animi
757 1165 824 1244 ipsa
859 1166 1003 1227 transitus
1038 1186 1121 1227 mora

184 1275 373 1340 terrerentur,
403 1264 435 1326 in
469 1263 604 1326 hibernis
640 1266 761 1328 locavit.
805 1263 849 1329 Et
884 1266 976 1328 simul
1012 1266 1121 1328 classis

182 1365 318 1429 secunda
352 1376 533 1446 tempestate
570 1387 606 1428 ac
634 1366 716 1429 fama
745 1366 965 1429 Trutnlensem
1000 1381 1120 1448 portum

182 1468 287 1543 tenuit,
315 1467 395 1531 unde
432 1470 570 1552 proximo
598 1468 691 1531 latere
720 1468 895 1532 Britanniae
923 1469 1003 1532 lecto
1039 1470 1120 1531 omni

182 1568 320 1631 redierat.

222 1663 368 1727 XXXIX.
399 1667 494 1730 Hunc
529 1691 631 1730 rerum
667 1690 803 1746 cursum,
833 1693 1008 1753 quanquam
1038 1672 1120 1734 nulla

182 1767 340 1829 verborum
377 1767 522 1850 jactantia
562 1768 698 1847 epistolis
736 1769 898 1851 Agricolae
934 1783 1048 1846 actum,
1086 1784 1120 1859 ut

183 1866 355 1930 Domitiano
383 1869 477 1930 moris
506 1880 578 1942 erat,
602 1867 700 1930 fronte
726 1868 837 1942 laetus,
860 1879 983 1950 pectore
1010 1871 1118 1932 anxius

114 2040 127 2053 ..
181 1968 309 2046 excepit.
353 1966 455 2029 Inerat
477 1968 663 2030 conscientia
684 1966 799 2029 derisui
820 1967 918 2029 fuisse
946 1988 1044 2047 nuper
1065 1969 1119 2032 fal-

181 2088 286 2128 sume
306 2065 472 2129 Germania
493 2067 691 2147 triumphum,
715 2067 825 2146 emptis
847 2087 902 2147 per
922 2070 1116 2143 commercia,

141 2223 144 2228 .
180 2189 310 2250 quorum
324 2167 445 2231 habitus
468 2182 499 2230 et
520 2169 620 2231 crines
642 2169 674 2230 in
696 2169 886 2249 captivorum
908 2169 1044 2250 speciem
1059 2167 1117 2232 fo'r-

179 2283 350 2332 marentur:
374 2281 404 2332 at
425 2291 507 2332 nunc
528 2291 632 2332 reram
657 2291 862 2354 magnamque
884 2270 1052 2347 victoriam,
1076 2283 1119 2333 tot

180 2370 315 2433 millibus
343 2369 478 2433 hostiurn
500 2370 609 2442 caesis,
632 2372 748 2454 ingenti
770 2370 853 2435 fama
880 2371 1038 2435 celebrari.
1082 2371 1116 2434 Id

180 2473 238 2536 sibi
266 2473 398 2536 maxime
426 2471 667 2548 formidolosum,
696 2473 804 2553 privati
840 2473 972 2536 hominis
1008 2495 1118 2537 nomen

180 2595 273 2658 supra
296 2573 442 2659 principis
464 2572 578 2636 attolli:
601 2572 715 2635 frustra
736 2573 837 2636 studia
851 2573 908 2637 fori
930 2586 961 2637 et
982 2574 1119 2637 civilium

180 2677 290 2737 artium
311 2674 408 2738 decus
430 2674 461 2736 in
483 2674 638 2736 silentium
660 2687 738 2747 acta,
755 2675 781 2735 si
802 2674 967 2737 militarem
990 2674 1118 2756 gloriam

180 2774 258 2836 alius
288 2786 474 2855 occuparet:
512 2787 544 2837 et
579 2787 682 2836 cetera
709 2785 878 2858 utcumque
906 2774 1028 2837 facilius
1057 2775 1105 2837 dis

181 2875 341 2938 simulari:
379 2874 467 2938 ducis
496 2875 569 2938 boni
604 2874 830 2959 imperatoriam
857 2875 1003 2939 virtutem
1038 2896 1118 2938 esse.

181 2975 311 3038 Talibus
337 2977 419 3039 curis
443 2977 605 3052 exercitus,
629 2976 772 3060 quodque
796 2997 906 3039 sacrae
927 2977 1118 3060 cogitationis

181 3076 328 3138 indicium
370 3087 443 3151 erat,
480 3092 599 3138 secreto
636 3099 693 3138 suo
729 3077 866 3152 satiatus,
904 3077 1052 3157 optimum
1089 3078 1119 3139 in

180 3177 351 3262 praesentia
387 3178 492 3262 statuit
526 3199 672 3257 reponere
709 3177 824 3252 odium,
853 3177 952 3240 donec
986 3178 1119 3258 impetus

182 3278 280 3341 famae
310 3290 340 3340 et
367 3278 452 3340 favor
480 3279 633 3340 exercitus
661 3278 898 3362 languesceret:
928 3270 999 3342 narn
1028 3280 1119 3342 etiam

182 3395 245 3444 tum
261 3380 405 3462 Agricola
419 3378 608 3442 Britanniam
624 3380 790 3443 obtinebat.

223 3477 289 3542 XL.
316 3481 414 3565 Igitur
435 3480 629 3565 triumphalia
658 3493 834 3544 ornamenta
856 3494 887 3544 et
908 3482 1034 3545 illustris
1057 3495 1116 3544 sta-

182 3576 251 3646 tuae
272 3581 418 3646 honorem
441 3594 471 3645 et
492 3581 640 3666 quidquid
660 3605 716 3664 pro
736 3582 891 3668 triumpho
911 3583 1008 3658 datur,
1025 3583 1117 3645 multo

183 3684 342 3750 verborum
364 3684 477 3747 honore
492 3685 657 3754 cumulata.
673 3685 796 3748 decerni
823 3686 855 3748 in
880 3698 986 3748 senatu
1013 3683 1113 3764 inbet3
