2514 4154
514 317 552 360 DE
576 314 756 362 GERMAMA.
1060 308 1098 366 27

167 488 240 529 naec
255 487 390 549 corpora,
407 486 485 549 quae
506 465 663 540 miramur,
679 478 869 529 excrescunt.
914 467 979 529 Sua
993 490 1098 551 quem·

165 588 223 650 que
249 579 346 630 mater
373 566 519 628 uberibus
545 564 608 641 alit,
630 586 689 628 nec
718 565 836 628 ancillis
865 589 902 628 ac
931 569 1098 633 nutricibus

164 668 350 751 delegantur.
394 666 564 729 Dominum
585 687 622 728 ac
644 688 767 729 servum
795 667 887 731 nullis
910 668 1099 732 educationis

163 768 280 830 deliciis
308 768 495 850 dignoscas:
532 768 610 830 inter
644 766 752 829 eadem
780 788 900 848 pecora,
930 769 962 832 in
991 770 1097 832 eadem

163 870 257 933 humo
277 869 413 952 degunt3
443 867 540 931 donec
562 880 645 931 aetas
672 881 792 949 separet
820 870 979 952 ingenuos,
1001 873 1097 934 virtus

161 981 317 1054 agnoscat.
361 969 438 1032 Sera
463 968 610 1053 juvenum
633 968 762 1045 Venus;
793 991 891 1053 eoque
919 970 1127 1034 inexhausta*

160 1071 324 1150 pubertas:
354 1091 412 1132 nec
443 1071 577 1153 virgines
598 1069 798 1147 festinantur3
828 1069 935 1133 eadem
961 1071 1097 1157 juventa,

161 1172 268 1234 similis
296 1173 483 1252 proceritas:
512 1192 602 1255 pares
631 1170 809 1253 validaeque
842 1173 1031 1249 miscentur;
1061 1195 1096 1235 ac

160 1272 266 1334 robora
287 1286 446 1352 parentum
464 1271 552 1334 liberi
573 1271 718 1334 referunt.
762 1271 908 1334 Sororum
922 1272 993 1335 filiis
1015 1273 1096 1336 idem

160 1372 240 1452 apud
266 1374 463 1448 avunculum,
495 1370 551 1456 qui
584 1372 624 1436 ad
658 1381 781 1457 patrem
812 1372 917 1434 honor.
961 1371 1096 1445 Quidam

161 1475 342 1535 sanctiorem
364 1476 586 1553 arctioremque
608 1471 689 1533 hunc
710 1493 823 1533 nexum
846 1472 1004 1555 sanguinis
1019 1474 1097 1535 arbi·

160 1585 284 1647 trantur,
314 1573 397 1634 etin
426 1571 612 1650 accipiendis
641 1571 799 1633 obsidibus
827 1572 926 1654 magis
951 1573 1095 1655 exigunt3

161 1684 304 1753 tanquam
340 1683 371 1734 et
399 1672 430 1734 in
462 1671 600 1732 animum
627 1671 754 1747 firmius,
785 1683 816 1733 et
843 1671 970 1734 domum
1005 1672 1096 1734 latius

159 1784 290 1835 teneant.
334 1770 477 1834 Heredes
499 1783 602 1833 tamen
631 1792 888 1854 successoresque
912 1773 960 1834 sui
983 1773 1094 1855 cuique

160 1866 272 1936 liberi:
294 1884 325 1935 et
352 1873 471 1935 nullum
493 1885 720 1935 testamentum.
765 1872 799 1934 Si
822 1873 908 1935 liberi
931 1895 992 1934 non
1014 1887 1094 1950 sunt,

158 1975 313 2054 proximus
355 1972 468 2056 gradus
511 1973 542 2034 in
586 1974 782 2057 possessione
825 1971 941 2049 fratres,
984 1977 1093 2054 patrui,

158 2075 311 2137 avunculi.
355 2074 480 2148 Quanto
516 2073 585 2154 plus
620 2075 869 2156 propinquorum,
903 2096 964 2156 quo
999 2075 1093 2159 major

158 2174 294 2236 affinium
317 2196 473 2250 numerus,
498 2187 579 2237 tanto
602 2175 762 2257 gratiosior
783 2187 935 2250 senectus,
951 2197 1009 2237 nec
1033 2175 1092 2237 ulla

158 2273 292 2336 orbitatis
314 2276 420 2354 pretia.

200 2372 292 2436 XXI.
323 2375 487 2453 Suscipere
517 2385 579 2434 tam
608 2374 792 2449 inimicitius,
821 2396 875 2437 seu
904 2377 1006 2456 patris,
1038 2398 1093 2438 seu

158 2474 327 2555 propinqui,
344 2494 436 2555 quam
458 2472 617 2547 amicitias,
634 2493 762 2534 necesse
778 2486 846 2535 est:
870 2495 928 2535 nec
950 2475 1102 2555 implam·-

158 2574 234 2636 biles
256 2573 376 2636 durant.
421 2572 533 2635 linitur
561 2574 643 2635 enim
671 2573 763 2635 etiarn
790 2573 988 2635 homicidium
1011 2587 1093 2636 certo

156 2686 361 2737 armentorum
390 2695 426 2735 ac
454 2694 601 2754 pecorum
637 2694 774 2749 numem,
803 2674 972 2756 recipitque
1006 2675 1092 2737 satis·

156 2773 319 2836 fact-ionem
355 2774 497 2836 universa
527 2772 658 2836 domus:
695 2774 809 2836 utiliter
844 2774 876 2837 in
911 2773 1091 2855 publicum;

156 2875 228 2957 quia
248 2874 482 2954 periculosiores
505 2886 576 2936 sunt
603 2874 778 2937 inimicitiae
804 2875 890 2958 juxta
911 2875 1091 2939 libertatem.

158 2973 359 3037 Convictibus
381 2986 412 3037 et
433 2974 574 3057 hospitiis
595 2996 656 3037 non
671 2975 730 3038 alia
743 2997 819 3058 gens
842 2976 971 3038 effusius
994 2976 1092 3038 indul-

157 3087 217 3157 get.
272 3073 499 3157 Quemcunque
535 3074 708 3137 mortalium
744 3097 847 3138 areere
883 3089 973 3152 tecto,
1006 3076 1092 3138 nefas

157 3172 303 3236 habetur:
326 3195 380 3255 pro
395 3174 515 3237 fortuna
529 3175 660 3257 quisque
682 3177 832 3257 apparatis
848 3177 947 3261 epulis
970 3178 1091 3256 excipit.

159 3272 242 3335 Cum
267 3273 419 3350 defecere,
442 3275 494 3356 qui
522 3275 614 3340 modo
642 3276 754 3356 hospes
782 3277 891 3352 fuerat,
913 3288 1092 3339 monstrator

158 3369 279 3454 hospitii
308 3386 339 3436 et
366 3394 495 3437 comes:
532 3364 712 3455 proximam
727 3377 854 3439 domum
882 3398 942 3437 non
977 3374 1091 3435 invitati

158 3471 288 3534 adeunt:
321 3495 378 3536 nec
406 3476 552 3551 interest;
584 3478 648 3556 pari
676 3477 863 3539 humanitate
892 3474 1090 3553 accipiuntur.

159 3568 276 3634 Notum
297 3574 505 3657 ignotumque,
529 3588 677 3657 quantum
698 3576 737 3638 ad
762 3575 813 3657 jus
838 3573 976 3652 hospitis,
1000 3593 1090 3634 nemo

163 3670 301 3747 lircernit
367 3673 510 3749 Abeunti‚
541 3676 567 3736 si
597 3675 671 3757 quid
705 3674 887 3756 poposcerit,
924 3671 1090 3734 concedere
