2514 4154
472 333 512 374 nr
536 332 717 375 canutum.
1025 307 1062 365 31

127 502 217 564 quam
243 503 298 563 per
323 480 401 544 hanc
426 480 554 564 gloriam
580 480 738 564 sanguinis
765 502 783 543 a
810 479 1009 543 similitudine
1034 495 1063 543 et

126 584 231 648 inertia
261 582 422 646 Gallorum
451 594 639 663 separentur.
693 581 799 662 Ipsam
828 581 929 644 Rheni
966 583 1064 662 ripam

124 683 206 748 haud
231 684 324 748 dubie
355 680 581 746 Germanorum
608 683 713 764 populi
735 683 849 759 colunt,
875 681 1063 766 Vangiones,

125 785 261 862 Triboci,
298 784 460 848 Nemetes.
518 783 569 847 Ne
606 784 680 848 Ubii
704 784 851 868 quidem,
888 806 1065 867 quanquam

125 885 267 950 Romana
292 885 411 948 colonia
436 907 507 948 esse
536 886 703 948 meruerint
728 906 765 948 ac
786 884 931 948 libentius
953 885 1065 968 Agrip-

124 989 268 1069 pinenses
305 986 468 1050 conditoris
510 988 559 1050 sui
598 988 721 1050 nomine
756 999 912 1062 vocentur,
949 985 1064 1068 origine

124 1089 318 1165 erubescunt,
355 1089 537 1172 transgressi
574 1085 648 1150 olim
684 1101 715 1151 et
751 1088 958 1168 experimento
993 1085 1065 1149 fidei

125 1210 217 1270 super
238 1189 338 1270 ipsam
360 1180 464 1252 Rheni
485 1190 583 1270 ripam
605 1189 756 1265 collocati,
779 1201 814 1251 ut
835 1200 982 1258 arcerent.
1004 1208 1065 1250 non

125 1304 158 1353 ut
179 1290 413 1355 custodirentur.

166 1389 292 1454 XXIX.
316 1391 464 1454 Omnium
485 1391 595 1453 harum
616 1391 756 1472 gentium
776 1390 888 1451 virtute
909 1390 1065 1469 praecipui

127 1491 242 1568 Batavi,
259 1515 320 1554 non
334 1491 467 1554 multum
481 1512 520 1553 ex
534 1493 609 1571 ripa,
625 1489 681 1553 sed
702 1489 834 1552 insulam
849 1488 952 1551 Rheni
967 1490 1066 1552 amnis

125 1591 239 1667 colunt,
269 1588 454 1655 Chattorum
483 1590 638 1674 quondam
675 1590 809 1675 populus
847 1602 899 1652 et·
917 1580 1066 1652 seditione

124 1693 293 1755 domestica
315 1692 345 1755 in
368 1712 421 1754 eas
444 1691 535 1754 sedes
561 1703 781 1776 transgressus,
804 1690 969 1774 inquibus
995 1711 1066 1775 pars

126 1794 258 1858 Romani
287 1793 407 1874 imperii
434 1793 551 1856 fierent.
595 1792 703 1857 Manet
740 1791 836 1855 honos
865 1805 896 1855 et
924 1792 1066 1875 antiquae

125 1896 278 1958 societatis
307 1896 449 1980 insigne:
483 1916 554 1958 nam
584 1917 643 1958 nec
671 1895 791 1958 tributis
821 1905 1065 1968 contemnuntur,

125 2019 182 2059 nec
196 1998 379 2079 publicanus
402 1998 523 2060 atterit:
547 1998 681 2078 exempti
696 1997 839 2079 oneribus
854 2009 885 2059 et
900 1994 1066 2058 collationi·

125 2098 183 2161 bus
212 2111 243 2161 et
269 2111 389 2162 tantum
418 2099 449 2161 in
475 2094 569 2169 usum
601 2099 788 2183 proeliorum
816 2098 953 2182 sepositi,
982 2095 1066 2179 velut

124 2200 185 2262 tela
206 2211 298 2281 atque
326 2221 420 2274 arma,
442 2198 531 2261 bellis
560 2212 764 2262 reservantur.
808 2198 869 2261 Est
896 2199 928 2260 in
956 2177 1113 2261 eodenh·---

125 2300 275 2382 obsequio
297 2312 328 2362 et
343 2298 559 2361 Mattiacorum
581 2321 677 2382 gens3
699 2300 824 2380 protulit
845 2300 927 2362 enim
949 2301 1066 2382 magni·

126 2400 199 2463 tudo
220 2399 325 2481 populi
348 2398 483 2461 Romani
504 2399 583 2461 ultra
605 2398 762 2475 Rhenum,
784 2399 925 2482 ultraque
946 2411 1066 2462 veteres

126 2501 281 2573 terminos,
296 2499 417 2584 imperii
437 2500 648 2562 reverentiam.
693 2497 740 2562 Ita
755 2498 829 2562 sede
843 2498 1019 2580 finibusque
1035 2499 1067 2560 in

126 2624 183 2664 sua
210 2602 286 2686 ripa,
315 2612 419 2664 mente
447 2601 610 2684 animoque
642 2600 803 2663 nobiscum
832 2611 935 2683 agunt,
965 2610 1066 2661 cetera

126 2703 242 2766 similes
257 2701 393 2778 Batavis,
409 2701 469 2764 nisi
484 2701 567 2784 quod
589 2702 657 2787 ipso
679 2700 779 2764 adhuc
794 2713 891 2764 terrae
907 2721 982 2763 suae
1000 2701 1066 2764 solo

126 2817 156 2867 et
177 2803 264 2869 coelo
289 2803 392 2866 acrius
416 2803 598 2865 animantur.
641 2801 715 2865 Non
739 2803 964 2865 numeraverim
988 2804 1065 2866 inter

127 2902 311 2968 Germaniae
333 2904 474 2985 populos,
497 2924 673 2987 quanquam
695 2915 776 2966 trans
792 2903 937 2967 Rhenum
958 2903 1065 2967 Danu·

119 3005 273 3088 ¹biumque
316 3002 519 3078 consederint,
547 3024 611 3080 eos,
653 3003 706 3086 qui
741 3001 932 3066 Decumates
975 3026 1066 3088 agros

127 3118 280 3168 exercent.
334 3103 529 3167 Levissimus
557 3104 689 3187 quisque
720 3102 881 3167 Gallorum
910 3118 940 3168 et
965 3106 1066 3186 iuopia

129 3206 235 3283 audax,
258 3206 371 3270 dubiae
395 3206 601 3290 possessionis
624 3206 724 3268 solu'm
747 3228 946 3287 occupavere.
991 3206 1066 3268 Mox

128 3304 223 3368 limite
251 3320 320 3370 acto
348 3306 557 3389 promotisque
582 3307 752 3388 praesidiis,
776 3309 862 3370 sinus
892 3307 1011 3390 imperii
1037 3318 1065 3368 et

129 3426 198 3486 pars
212 3408 386 3485 provinciae
400 3406 559 3470 habentur.

171 3504 278 3569 XXX.
300 3504 388 3570 Ultra
408 3507 465 3570 hos
480 3504 589 3570 Chatti
602 3508 722 3571 initium
745 3507 827 3570 sedis
849 3507 887 3568 ab
910 3504 1067 3582 Hercynio

131 3604 210 3670 saltu
231 3603 381 3678 inchoant,
398 3629 458 3670 non
479 3619 520 3670 rta
542 3607 650 3670 effusis
673 3629 709 3669 ac
730 3606 917 3687 palustribus
940 3605 1016 3668 locis
1037 3620 1067 3671 ut

131 3723 250 3769 ceterae
272 3707 421 3782 civitates,
438 3709 467 3769 in
490 3729 568 3790 quas
591 3705 758 3768 Germania
779 3706 930 3788 patescit3
954 3702 1068 3768 durant
