2514 4154
196 319 233 375 to
522 337 551 376 c.
575 334 670 375 corun.
693 334 802 377 raeiri

233 475 376 540 XXXll.
399 481 446 542 Ac
475 482 572 560 primo
600 502 767 564 congressu
790 483 909 546 culinus
932 490 1101 546 certabatur

194 580 284 641 simul
299 583 475 656 constantia,
493 581 582 643 simul
599 595 661 643 arte
678 581 811 645 Britanni
828 584 999 664 ingentibus
1014 584 1121 666 gladiis

193 691 222 741 et
236 681 379 742 brevibus
402 683 493 744 cetris
516 682 643 745 missilia
668 697 838 745 nostrorum
855 685 947 746 vitare
962 684 1010 746 vel
1032 706 1122 745 excu-

193 792 265 856 tere,
289 794 379 864 atque
401 782 459 862 ipsi
482 804 624 864 magnam
646 785 710 844 vim
735 783 862 846 telorum
887 782 1122 863 superfundere:

192 880 289 944 donec
332 880 484 965 Agricola
532 881 723 943 Batavorum
763 884 901 946 cohortes
926 905 962 945 ac
984 883 1124 966 Tungro-

191 1005 260 1045 rum
287 983 364 1044 duas
393 982 565 1043 cohortatus
594 998 650 1057 est,
673 996 708 1045 ut
737 1005 802 1045 rem
831 984 869 1044 ad
898 1005 1059 1046 mucrones
1088 1004 1124 1044 ac

191 1105 300 1146 manus
328 1082 530 1144 adducerent:
555 1083 637 1165 quod
666 1095 696 1144 et
724 1084 798 1162 ipsis
819 1097 970 1146 vetustate
1000 1085 1125 1147 militiae

191 1183 399 1255 exercitatum,
416 1194 445 1244 ct
461 1181 600 1244 hostibus
622 1182 754 1244 inhabile
779 1204 871 1262 parva
893 1197 980 1245 scuta
995 1197 1025 1244 et
1039 1206 1125 1246 enor-

192 1303 257 1345 mes
272 1280 389 1365 gladios
410 1282 605 1364 gerentibus:
629 1303 699 1343 nam
722 1281 935 1344 Britannorum
949 1282 1042 1364 gladii
1058 1285 1125 1345 sine

191 1404 335 1445 mucrone
358 1383 552 1463 complexum
576 1404 729 1444 armorum
751 1394 781 1444 et
806 1383 837 1444 in
862 1395 965 1462 apertu
989 1405 1125 1466 pugnarn

191 1505 250 1545 non
264 1484 441 1546 tolerabant.
485 1483 590 1566 Igitur,
606 1495 641 1544 ut
655 1481 763 1545 Batavi
785 1484 914 1544 miscere
929 1484 1019 1559 ictuS,
1034 1483 1124 1547 ferire

191 1584 384 1659 umbonibus,
401 1606 452 1646 ora
474 1584 605 1658 foedare,
623 1596 653 1645 et
675 1585 775 1646 stratis
797 1586 849 1667 qui
865 1585 895 1647 in
910 1606 1009 1668 aequo
1031 1586 1124 1648 obsti·

191 1696 296 1758 terant,
312 1685 428 1766 erigere
443 1683 474 1745 in
489 1683 584 1745 colles
606 1685 703 1747 aciem
727 1676 865 1765 coepere,
881 1700 1001 1748 ceterae
1019 1686 1124 1749 cohor-

98 1814 100 1819 ·
190 1796 246 1858 tes,
284 1784 485 1847 aemulatione
521 1796 552 1845 et
586 1785 701 1865 impetu
745 1786 934 1860 commistae,
971 1788 1123 1867 proximos

190 1905 328 1967 quosque
351 1884 500 1960 caedere;
524 1906 560 1946 ac
581 1885 717 1967 plerique
741 1886 911 1947 semineces
934 1899 986 1948 aut
1015 1889 1124 1970 integri

191 1984 380 2046 festinatione
409 1985 552 2047 victoriae
584 1985 840 2068 relinquebantur.
885 1985 1010 2048 Interim
1039 1989 1123 2069 equi-

191 2097 253 2146 tum
290 2096 408 2147 turmae
436 2083 553 2168 fugere,
587 2087 730 2148 covinarii
765 2086 903 2171 peditum
940 2107 972 2148 se
1008 2088 1124 2170 proelio

190 2187 364 2248 miscuere:
401 2198 441 2262 et,
471 2208 645 2269 quanquam
676 2200 830 2250 recentem
866 2201 1011 2250 terrorem
1045 2189 1110 2250 intu

190 2285 294 2360 lerant,
310 2285 412 2348 densis
434 2298 537 2349 tamen
560 2287 693 2352 hostium
715 2289 888 2371 agminibus
912 2301 942 2351 et
959 2288 1124 2371 inaequali·

191 2384 248 2447 bus
270 2385 346 2448 locis
369 2384 549 2449 haerebant:
574 2389 759 2471 minimeque
783 2390 932 2471 equestris
948 2409 984 2450 ea
1003 2409 1123 2470 pugnae

192 2484 284 2547 facies
299 2497 371 2559 erat,
387 2507 459 2547 cum
474 2507 564 2569 aegre
578 2486 629 2549 diu
654 2501 767 2550 stantes
783 2488 874 2550 simul
896 2509 1044 2575 equorum
1059 2509 1124 2549 cor·

191 2584 314 2662 poribus
336 2585 570 2664 impellerentur,
587 2608 622 2648 ac
645 2607 736 2666 saepe
758 2588 828 2668 vagi
851 2609 967 2661 currus,
991 2587 1124 2648 exterriti

191 2685 256 2745 sine
292 2685 461 2746 rectoribus
496 2687 576 2768 equi,
606 2698 640 2747 ut
667 2707 820 2768 quemque
849 2685 977 2746 formido
1006 2686 1124 2748 tulerat.
1167 2743 1170 2747 .

192 2799 379 2847 transversos
395 2798 448 2847 aut
462 2786 567 2848 obvios
583 2786 787 2847 incursabant.

152 2902 163 2921 ·
232 2881 390 2946 XXXVII.
414 2885 456 2948 Et
478 2885 623 2961 Britanni,
647 2887 697 2969 qui
721 2886 820 2948 adhuc
843 2908 962 2968 pugnae
985 2900 1124 2966 expertes

193 3008 314 3048 summa
335 2976 460 3049 dolliurri
490 2987 661 3049 insederant
689 3000 720 3049 et
748 2988 932 3070 paucitatem
954 3001 1124 3050 nostrorum

192 3088 280 3148 vacui
303 3087 494 3169 spernebant,
509 3087 633 3169 degredi
656 3087 802 3170 paulatim
817 3100 847 3148 et
861 3087 1021 3148 circumire
1040 3100 1124 3170 terga

192 3188 377 3248 vincentium
400 3200 582 3267 coeperant:
607 3208 636 3248 m
659 3186 688 3248 id
712 3188 813 3266 ipsum
835 3187 948 3247 veritus
971 3187 1124 3270 Agricola,

193 3299 320 3369 quatuor
336 3287 473 3369 equitum
489 3287 561 3360 alaS,
578 3286 616 3346 ad
638 3287 738 3347 subita
757 3286 830 3348 belli
845 3298 986 3362 retentas,
1002 3288 1125 3350 venien·

193 3387 273 3449 tibus
310 3387 511 3466 opposuisset,
547 3399 719 3467 quantoque
754 3385 887 3449 ferocius
924 3401 1123 3463 accurrerant,

196 3501 274 3552 anto
302 3489 403 3549 acrius
431 3486 536 3570 pulsos
565 3487 597 3547 in
624 3485 730 3568 fugam
755 3486 936 3570 disjecisset.
981 3489 1026 3551 lta
1055 3510 1124 3551 con·

194 3587 295 3652 silium
317 3586 530 3650 Britannorum
552 3587 583 3647 in
605 3587 689 3670 ipsos
711 3609 853 3651 versum:
877 3600 1124 3670 transvectaeque

193 3700 352 3769 uraecepto
373 3686 462 3750 ducis
488 3708 505 3748 a
533 3685 630 3750 fronte
659 3691 858 3772 pugnantium
889 3690 963 3765 alae,
988 3710 1123 3751 aversam
