2514 4154
194 289 233 347 36
418 277 422 282 ’
502 301 532 341 c.
556 300 652 342 conn.
675 299 811 341 merrus

192 448 364 520 Germanis,
382 447 427 508 sic
444 446 618 508 Suevorum
640 447 764 528 ingenui
779 467 797 507 a
812 445 907 507 servis
931 456 1108 528 separantur

191 551 220 612 in
249 549 316 611 aliis
344 548 498 629 gentibus,
528 567 583 608 scu
613 548 793 630 cognatione
819 547 920 629 aliqua
944 545 1125 622 Suevornm,

189 670 244 710 seu
274 648 356 730 quod
385 668 478 727 saepe
516 646 637 722 accidit,
666 647 842 728 imitatione,
862 669 964 708 rarum
993 658 1024 707 et
1051 647 1126 708 intra

193 749 337 831 juventae
354 748 508 828 spatium3
533 747 616 828 apud
638 748 769 824 Suevos,
794 770 892 830 usque
914 747 952 808 ad
974 747 1126 821 canitiem,

188 849 359 911 horrentem
367 844 514 928 capillum
523 855 607 910 retro
616 855 797 931 sequuntur,
805 845 1055 933 acsaepeinipso
1063 848 1126 909 solo
1189 902 1191 907 .

188 950 300 1012 vertice
322 948 462 1031 religant.
506 947 670 1028 Principes
686 960 716 1010 et
732 954 912 1011 ornatiorem
935 947 1067 1010 habent:
1091 969 1126 1010 eo

187 1069 261 1110 cura
289 1047 414 1123 formae,
445 1048 501 1110 sed
530 1049 691 1110 innoxiae:
722 1068 823 1131 neque
853 1050 935 1110 enim
963 1060 999 1110 ut
1026 1059 1125 1110 ament

187 1162 386 1224 amenturve;
424 1149 455 1211 in
491 1148 681 1211 ebitudinem
716 1148 869 1232 quandam
906 1161 936 1211 et
970 1161 1126 1213 terrorem.

186 1250 296 1312 adituri
310 1251 401 1325 bella,
418 1252 541 1331 compti,
559 1263 593 1313 ut
607 1250 742 1313 hostium
757 1250 864 1325 oculis,
879 1263 1031 1312 ornantur.

227 1347 376 1410 XXXIX.
402 1351 639 1414 Vetustissimos
663 1373 695 1414 se
718 1351 986 1433 nobilissimosque
1010 1350 1114 1412 Sucvo

186 1475 255 1516 rum
268 1453 440 1516 Semnones
456 1466 635 1516 memorant.
670 1452 763 1515 Fides
779 1453 966 1536 antiquitatis
980 1451 1126 1534 religione

186 1556 332 1618 firmatur.
378 1556 465 1618 Statu
480 1569 616 1637 tempore
632 1556 663 1617 in
688 1555 796 1617 silvam
810 1554 947 1638 auguriis
962 1567 1083 1635 patrum
1097 1565 1126 1615 et

187 1657 287 1739 prisca
315 1655 476 1718 formidine
506 1678 635 1732 sacram,
666 1677 773 1718 omnes
802 1655 941 1738 ejusdem
970 1655 1126 1737 sanguinis

186 1755 518 1839 populi'legationibus
543 1769 661 1830 coeunt,
678 1777 831 1837 caesoque
856 1753 979 1834 publice
1004 1753 1126 1815 homine

185 1856 340 1919 celebrant
361 1856 480 1918 barbari
508 1862 584 1918 ritus
614 1854 763 1917 horrenda
790 1840 964 1934 primordia.
1009 1853 1068 1916 Est
1097 1867 1126 1917 et

185 1957 243 2019 alia
258 1957 329 2019 luco
343 1958 523 2019 reverentia.
568 1955 671 2019 Nemo
685 1956 746 2018 nisi
760 1956 883 2018 vinculo
898 1955 1010 2039 ligatus
1026 1957 1122 2039 ingre·

184 2058 273 2133 ditur,
290 2070 325 2120 ut
338 2058 438 2120 minor
460 2070 491 2120 et
510 2069 693 2138 potestatem
720 2057 855 2120 numinis
877 2079 949 2138 prae
965 2079 998 2119 se
1013 2056 1125 2121 ferens,

185 2159 219 2221 Si
254 2159 332 2222 forte
367 2158 528 2240 prolapsus
564 2171 621 2235 est,
650 2159 746 2222 attolli
783 2171 814 2221 et
849 2160 1007 2243 insurgere
1044 2158 1126 2222 haud

184 2261 322 2323 licitum:
345 2283 401 2343 per
415 2260 545 2324 humum
568 2261 766 2325 evolvuntur:
791 2283 890 2345 eoque
905 2262 1004 2324 omnis
1021 2283 1126 2342 super-

183 2363 265 2425 stitio
287 2363 421 2448 respicit,
437 2374 583 2447 tanquam
605 2363 675 2427 inde
691 2364 776 2427 initia
798 2364 907 2448 gentis
924 2363 966 2426 ibi
986 2376 1126 2446 regnator

183 2464 321 2526 omnium
335 2464 423 2541 deus,
440 2478 542 2528 cetera
563 2465 701 2549 subjecta
715 2479 806 2548 atque
821 2466 967 2546 parentia.
1011 2465 1125 2548 Adjicit

183 2566 394 2629 auctoritatem
408 2566 529 2630 fortuna
552 2566 761 2628 Semnonum:
785 2579 909 2628 centum
931 2567 1019 2648 pagis
1041 2565 1125 2626 habi·

184 2679 302 2743 tantur;
326 2689 499 2750 magnoque
522 2687 648 2750 corpore
674 2666 815 2741 efficitur,
838 2678 872 2728 ut
895 2687 928 2727 se
952 2666 1123 2728 Suevorurn

183 2781 276 2850 caput
290 2768 424 2831 credant.

225 2865 292 2928 XL.
325 2868 439 2931 Contra
462 2867 681 2953 Langobardos
710 2870 849 2950 paucitas
871 2868 1028 2931 nobilitat:
1059 2871 1110 2950 pin

186 2969 269 3029 rimis
305 2989 343 3030 ac
378 2969 596 3031 valentissimis
633 2970 806 3032 nationibus
842 2970 945 3045 cincti,
976 2992 1035 3031 non
1071 2993 1119 3051 per

184 3069 378 3151 obsequium,
409 3070 464 3131 sed
500 3071 623 3151 proeliis
652 3084 683 3133 et
716 3071 915 3154 periclitando
950 3073 1008 3133 tuti
1044 3087 1115 3134 sunt

186 3169 341 3253 Reudigni
371 3169 481 3232 deinde
512 3182 542 3232 et
570 3172 707 3234 Aviones
737 3184 767 3233 et
789 3171 893 3254 Anglii
909 3184 939 3234 et
960 3170 1066 3234 Varini
1096 3192 1120 3258 et

187 3271 329 3335 Eudoses
353 3284 383 3334 et
406 3271 582 3334 Suardones
612 3286 643 3334 et
666 3272 840 3335 Nuithones
865 3274 1044 3336 fluminibus
1074 3292 1121 3337 aut

185 3373 270 3436 silvis
293 3373 488 3435 muniuntur:
512 3373 754 3456 necquidquam
775 3374 906 3437 notabile
929 3375 959 3438 in
984 3376 1120 3459 singulis

185 3476 242 3538 nisi
269 3474 350 3557 quod
386 3474 418 3536 in
453 3495 618 3536 commune
654 3473 818 3551 Nerthum,
848 3477 879 3538 id
911 3490 958 3540 est
994 3476 1122 3540 Terram

186 3590 313 3639 matrem
335 3576 448 3652 colunt,
472 3598 603 3659 eamque
626 3578 807 3640 intervenire
836 3579 927 3641 rebus
954 3578 1121 3655 hominum,

194 3677 286 3740 nvehi
323 3677 444 3761 populis
480 3679 672 3742 arbitrantur.
716 3677 776 3741 Est
812 3680 842 3742 in
878 3681 978 3743 insula
1008 3681 1123 3745 Oceani
