2514 4154
183 279 220 336 lb
503 295 531 333 c.
556 291 652 334 cortu.
676 291 786 333 rnorrr

179 440 307 515 electae,
323 461 416 522 quem
438 438 636 500 contubernio
658 439 842 502 aestimaret.
887 438 956 502 Nec
976 440 1117 524 Agricola

179 541 303 603 licenter
324 562 408 602 more
430 540 589 622 juvenum,
605 541 657 622 qui
679 540 818 602 militiam
834 541 865 603 in
879 540 1037 603 lasciviam
1052 563 1117 602 ver·

178 654 253 715 tunt,
283 661 383 723 neque
420 640 554 723 segniter
589 641 627 703 ad
655 641 826 722 voluptates
864 654 894 704 et
927 655 1116 704 commeatus

178 740 299 803 titulum
327 741 505 804 tribunatus·
522 754 558 804 et
586 743 739 805 inscitiam
767 743 889 804 retulit:
913 743 968 804 sed
990 765 1116 805 noscere

177 843 372 922 provinciam,
402 843 488 904 nosci
518 844 675 916 exercitui,
706 843 825 905 discere
848 865 867 905 a
891 845 1006 924 peritia,
1030 844 1116 927 sequi

177 942 318 1025 optimos
334 941 409 1005 nibil
424 955 566 1023 appetere
589 943 763 1026 jactatione,
780 943 854 1006 nihil
870 945 909 1006 ob
924 943 1116 1006 formidinem

177 1063 329 1117 recusare,
358 1043 511 1126 simulque
523 1049 555 1104 et
570 1041 679 1105 anxius
695 1052 727 1105 et
738 1045 871 1106 intentus
900 1066 1001 1127 agere.
1045 1045 1116 1107 Non

177 1163 248 1204 sane
268 1143 344 1206 alias
367 1145 556 1207 exercitatior
577 1145 738 1229 magisque
755 1145 786 1205 in
802 1145 946 1227 ambiguo
962 1143 1115 1207 Britannia

144 1301 146 1305 .
178 1242 252 1306 luit:
276 1244 417 1308 trucidati
438 1246 582 1322 veterani,
606 1247 751 1307 incensae
780 1245 927 1319 coloniae,
958 1246 1116 1330 intercepti

176 1346 349 1424 exercitus3
372 1359 439 1410 tum
460 1347 498 1409 de
522 1347 718 1422 salutamen
739 1346 777 1410 de
799 1347 935 1422 victoria,
952 1360 1116 1409 certavere.

176 1446 266 1522 Quae
285 1461 405 1525 cuncta,
422 1450 479 1512 etsi
502 1449 638 1512 consiliis
660 1449 816 1532 ductuque
839 1448 963 1510 alterius
986 1447 1117 1531 ageban-

176 1562 224 1612 tur
245 1572 282 1613 ac
305 1572 426 1613 summa
448 1573 551 1614 rerum
565 1559 597 1614 et
615 1561 812 1633 recuperatae
834 1550 1008 1631 provinciae
1023 1549 1117 1633 gloria

176 1652 206 1712 in
220 1650 333 1712 ducem
355 1652 458 1724 cessit,
475 1663 571 1713 artem
594 1664 624 1714 et
646 1671 743 1713 nsum·
762 1664 793 1714 et
815 1651 955 1713 stimulos
974 1651 1117 1713 addidere

180 1752 306 1835 juveni3
333 1752 514 1834 intravitque
539 1753 676 1813 animum
704 1751 843 1814 militaris
869 1751 983 1834 gloriae
1006 1752 1117 1832 cupido

177 1855 292 1936 ingrata
320 1852 518 1933 temporibus,
547 1852 660 1934 quibus
694 1834 818 1913 'sinistra
847 1873 919 1934 erga
947 1853 1116 1913 eminentes

177 1953 390 2035 interpretatio,
417 1973 475 2014 nec
503 1954 605 2014 minus
634 1952 806 2035 periculum
832 1973 871 2014 ex
891 1973 1003 2034 magna
1024 1951 1115 2027 lama,

176 2077 269 2138 quam
285 2077 323 2118 ex
337 2053 427 2117 mala.

219 2156 275 2219 Vl.
305 2155 390 2219 Hinc
419 2154 457 2217 ad
487 2153 692 2236 capessendos
724 2156 920 2239 magistratus
950 2157 981 2219 in
1008 2157 1115 2219 urbem

176 2258 343 2342 digressus,
361 2255 530 2319 Domitiam
551 2255 764 2333 Decidiauam,
781 2257 948 2338 splendidis
964 2258 1115 2320 natalibus

176 2374 283 2434 ortam,
314 2358 371 2421 sibi
405 2358 528 2442 junxit3
559 2358 651 2441 idque
680 2359 908 2423 matrimonium
937 2359 976 2423 ad
1003 2360 1117 2444 majora

177 2462 282 2524 nitenti
303 2460 399 2524 decus
429 2483 465 2524 ae
486 2461 579 2524 robur
602 2459 680 2536 fuit;
710 2462 912 2545 vixeruntque
940 2463 1018 2524 mira
1046 2484 1117 2524 con·

177 2563 288 2640 cordia,
318 2587 372 2646 per
400 2576 540 2626 mutuam
565 2563 722 2625 caritatem
751 2575 782 2624 et
810 2565 942 2625 invicem
971 2584 1004 2624 se
1034 2576 1116 2625 ante·

176 2666 335 2748 ponendo:
359 2666 418 2727 nisi
441 2664 521 2748 quod
545 2664 576 2726 in
599 2664 677 2724 bona
699 2683 793 2724 uxore
816 2674 899 2725 tanto
920 2663 1016 2746 major
1037 2663 1115 2737 laus,

177 2778 290 2848 quante
313 2751 348 2828 'in
377 2765 458 2827 mala
491 2764 561 2849 plus
590 2763 699 2844 culpae
728 2773 786 2824 est.
831 2761 906 2825 Sors
935 2774 1116 2845 quaesturae

177 2867 364 2948 provinciam
392 2866 509 2940 Asiam,
539 2862 754 2949 proconsulem
790 2861 929 2926 Salvium
958 2862 1116 2926 Titianum

178 2968 279 3030 dedit:
303 2988 434 3049 quorum
462 2979 569 3028 neutro
597 2978 758 3048 corruptus
788 2977 854 3041 est;
884 2986 1067 3052 quanquam
1088 2980 1117 3027 et

177 3069 332 3150 provincia
346 3067 432 3130 dives
455 3088 490 3128 ac
512 3079 616 3151 parata
638 3065 849 3150 peccantibus,
864 3079 894 3129 et
908 3067 1071 3150 proconsul
1087 3069 1116 3129 in

178 3191 299 3232 omnem
328 3168 503 3230 aviditatem
530 3189 654 3247 pronus,
683 3167 870 3250 quantalibet
898 3167 1050 3230 facilitate‘
1071 3191 1117 3231 re-

178 3271 357 3352 dempturus
372 3281 455 3330 esset
471 3280 610 3330 mutuam
625 3268 900 3331 dissimulationem
915 3269 997 3331 mali.
1034 3269 1117 3333 Auc-
1134 3276 1138 3283 '

179 3386 228 3438 tus
244 3385 291 3434 est
306 3372 347 3434 ibi
363 3370 434 3445 filia,
451 3370 482 3432 in
505 3369 676 3432 subsidium
697 3369 789 3433 simul
808 3378 840 3432 et
858 3369 1023 3434 solatium:
1048 3393 1117 3435 nam

180 3475 275 3536 tilium
292 3486 361 3535 ante
385 3471 540 3534 sublatum
562 3471 645 3533 brevi
669 3471 780 3533 amisit.
815 3470 901 3561 ¹Mor
919 3473 995 3547 inter
1009 3495 1118 3556 quaes·

180 3589 278 3638 turam
300 3597 337 3636 ac
365 3575 551 3636 tribunatum
580 3572 680 3653 plebis
703 3584 794 3654 atque
823 3573 914 3635 etiarn
944 3574 1044 3659 ipsu-m
1068 3574 1116 3635 tri·

180 3675 311 3739 bunatus
340 3697 454 3763 animm
483 3676 585 3758 quiete
615 3686 643 3737 et
674 3675 735 3736 otio
763 3675 890 3749 transiit,
920 3673 1114 3755 gnams'sub

151 1950 160 1977 l
