2514 4154
164 303 203 359 22
473 315 502 355 c.
526 313 623 356 conn.
647 312 783 356 merrus

124 456 132 469 “
159 454 320 534 captivum,
355 474 478 535 quoquo
513 451 605 514 modo
640 453 852 534 interceptum,
890 476 962 517 cum
998 460 1089 518 electe

159 553 351 638 popularium
373 574 509 628 suorum,
525 554 629 633 patriis
651 576 807 638 quemque
829 577 932 630 arnus,
956 557 1079 618 commit

159 667 246 718 tunt:
278 656 405 718 victoria
439 653 531 739 hujus
560 654 610 718 vel
638 655 720 718 illius
748 679 803 738 pro
830 656 1016 742 praejudicio
1045 677 1080 720 ac

158 758 277 840 cipitur.

200 857 260 922 XI.
282 857 332 922 De
353 859 523 923 minoribus
545 858 638 922 rebus
663 861 818 944 principes
840 859 1032 935 consultant;
1057 858 1094 922 de

157 959 324 1044 majoribus
347 982 477 1024 omnes:
500 963 542 1024 ita
564 974 677 1037 tamen,
700 974 736 1024 ut
756 983 793 1024 ea
815 982 949 1044 quoque,
965 981 1095 1045 quorum

158 1082 253 1146 penes
275 1061 398 1142 plebem
420 1063 578 1128 arbitrium
600 1075 657 1137 est,
681 1062 762 1143 apud
783 1063 936 1144 principes
964 1075 1096 1146 pertrac-

158 1174 269 1226 tentur.
324 1160 456 1239 Coeunt,
492 1164 553 1227 nisi
589 1163 663 1247 quid
698 1163 857 1227 fortuitum
893 1177 925 1226 et
960 1163 1095 1226 subitum

159 1262 308 1340 inciderit,
331 1265 423 1327 certis
445 1264 565 1341 diebus,
588 1286 661 1327 cum
683 1276 736 1328 aut
764 1263 923 1327 inchoatur
950 1263 1022 1327 luna
1044 1275 1095 1326 aut

46 1364 50 1371 ’
158 1364 320 1447 impletur:
350 1387 423 1428 nam
444 1366 572 1450 agendis
604 1366 697 1429 rebus
723 1365 782 1430 hoc
815 1365 1096 1446 auspicatissimum

150 1456 280 1539 'mitium
302 1467 440 1531 credunt.
484 1467 554 1531 Nec
575 1468 695 1532 dierum
716 1489 889 1542 numerum,
904 1478 939 1529 ut
959 1487 1025 1543 nos,
1043 1464 1096 1528 sed

160 1569 295 1635 noctium
316 1579 505 1651 computant.
550 1571 605 1632 Sic
627 1571 824 1645 constituunt,
845 1570 890 1632 sic
913 1568 1096 1632 condicunt:

159 1691 219 1732 nox
240 1668 353 1732 ducere
375 1670 459 1732 diem
480 1669 610 1732 videtur.
654 1669 736 1733 Illud
758 1691 797 1732 ex
817 1671 956 1733 libertate
979 1670 1097 1744 vitium,

159 1768 242 1852 quod
263 1790 322 1831 non
346 1769 449 1845 simul,
464 1791 523 1831 nec
546 1781 579 1832 ut
597 1768 677 1855 jussi
699 1770 892 1844 conveniunt,
909 1769 964 1831 sed
979 1781 1009 1832 et
1023 1769 1098 1831 alter

159 1883 190 1934 et
204 1871 310 1934 tertius
325 1870 392 1933 dies
414 1870 606 1933 cunctatione
630 1871 809 1942 coeuntium
831 1870 1012 1932 absumitur.
1056 1868 1098 1933 Ut

159 1972 265 2034 turbae
279 1971 404 2053 placuit,
420 1970 583 2034 considunt
594 1971 715 2058 armati.
750 1970 915 2033 Silentium
928 1991 984 2050 per
998 1992 1098 2032 sacer·

160 2072 256 2148 dotes,
283 2071 396 2154 quibus
425 2082 491 2134 tum
519 2083 551 2133 et
578 2070 739 2134 coercendi
763 2070 816 2157 jus
841 2083 898 2147 est,
922 2071 1089 2155 imperatur

160 2172 236 2236 Mox
262 2193 317 2234 rex
344 2171 395 2235 vel
429 2172 583 2257 princeps,
612 2184 703 2253 prout
737 2184 822 2237 aetas
858 2173 981 2257 cuique,
1010 2187 1099 2254 prout

159 2275 310 2349 nobilitas,
339 2286 430 2358 prout
454 2273 550 2337 decus
578 2274 740 2352 bellorum,
762 2287 852 2359 prout
877 2274 1020 2338 facundia
1041 2288 1098 2351 est,

160 2375 333 2452 audiuntur,
357 2375 535 2438 auctoritate
558 2375 706 2439 suadendi
728 2377 837 2460 magis,
860 2399 953 2460 quam
972 2376 1098 2461 jubendi

160 2490 320 2558 potestate.
379 2477 414 2540 si
449 2477 606 2559 displicuit
642 2478 801 2554 sententia,
837 2477 961 2541 fremitu
997 2499 1100 2558 asper-

160 2591 293 2656 nantur;
329 2579 378 2641 sin
405 2578 531 2664 placuit,
561 2577 691 2640 frameas
728 2579 916 2640 concutiunt.
960 2577 1100 2639 Honora-

160 2680 316 2741 tissimum
330 2700 478 2741 assensus
500 2699 599 2761 genus
614 2689 671 2752 est,
688 2679 779 2739 armis
794 2677 930 2740 laudare.

202 2777 279 2842 XlI.
310 2777 400 2841 Licet
435 2779 517 2860 apud
545 2778 710 2841 concilium
742 2798 889 2842 accusare
918 2798 1040 2860 quoque
1070 2793 1100 2841 et

161 2878 326 2943 discrimen
348 2879 456 2959 capitis
478 2879 645 2942 intendere.
688 2876 854 2965 Distinctio
875 2899 1043 2963 poenarum
1062 2900 1100 2943 ex

162 2979 295 3042 delicto:
325 2978 494 3061 proditores
522 2992 554 3043 et
582 2979 755 3064 transfugas
784 2979 942 3042 arboribus
971 2993 1101 3064 suspen·

163 3079 257 3157 dunt;
280 3080 409 3164 ignavos
433 3094 460 3145 et
485 3080 625 3144 imbelles
651 3093 830 3162 etcorpore
852 3079 982 3143 infames
1004 3101 1101 3143 coeno

163 3202 199 3243 ac
212 3180 335 3266 palude,
351 3180 461 3265 injecta
482 3181 607 3262 insuper
628 3195 720 3257 crate,
730 3192 886 3265 mergunt.
930 3178 1100 3244 Diversitas

163 3282 305 3365 supplicii
347 3283 421 3348 illuc
460 3283 597 3365 respicit,
637 3295 782 3367 tanquam
825 3280 942 3345 scelera
984 3283 1101 3349 ostendi

162 3397 307 3466 oporteat,
344 3382 419 3447 dum
454 3384 631 3466 puniuntur,
669 3384 785 3468 flagitia
823 3383 981 3448 abscondi.
1038 3384 1101 3449 Sed

165 3498 195 3548 et
215 3484 381 3549 levioribus
402 3471 532 3561 delictis,
554 3505 610 3569 pro
631 3484 722 3547 modo
750 3505 930 3569 poenarum,
953 3505 1101 3567 equorum

164 3606 371 3669 oecornmque
420 3607 549 3649 numero
598 3586 730 3648 convicti
771 3583 982 3667 mulctantur:
1032 3606 1101 3665 pars

166 3685 296 3749 ,orrlctae
325 3689 388 3769 regi
418 3688 467 3750 vel
496 3687 620 3764 civitati,
647 3709 719 3768 pars
749 3687 817 3768 ipsi,
846 3686 898 3770 qui
925 3685 1104 3760 vindicatur,
