2514 4154
233 320 274 380 50
557 337 587 379 c.
611 337 708 380 coru.
731 337 842 379 racrrr

274 483 414 547 XXVII.
440 483 539 568 Cujus
553 483 743 548 conscientia
753 506 790 547 ac
804 483 887 548 fama
901 484 987 548 ferox
1009 507 1099 549 exerc
1113 497 1166 567 tus,

231 584 306 647 nihil
327 586 430 649 virtuti
459 607 533 648 suae
555 586 693 648 invium:
720 585 937 666 penetrandam
960 586 1166 662 Caledoniam,

231 684 509 768 inveniendumque
537 685 661 748 tandem
689 684 864 748 Britanniae
899 688 1064 749 terminum
1100 709 1170 750 con·

231 787 316 849 tinuo
341 787 526 867 proeliorum
548 808 651 861 cursu,
674 785 864 849 fremebant:
887 799 979 870 atque
1008 786 1051 850 illi
1080 787 1170 850 modo

231 888 311 950 cauti
328 909 364 950 ac
380 889 543 969 sapientes,
558 887 690 971 prompti
711 899 782 971 post
803 900 948 950 eventurn
968 909 1005 961 ac
1023 887 1171 972 magnilo-

230 990 402 1072 quierant.
446 989 646 1073 Iniquissima
666 988 744 1052 haec
771 988 924 1052 bellorum
946 990 1078 1054 conditio
1104 1003 1170 1053 est:

229 1111 375 1175 prospera
400 1112 507 1153 omues
533 1091 592 1153 sibi
613 1091 777 1167 vindicant,
796 1090 924 1154 adversa
945 1092 999 1153 uni
1021 1092 1172 1172 imputan-

230 1204 288 1256 tur.
332 1193 375 1256 At
401 1191 538 1256 Britanni
560 1215 620 1255 non
642 1194 763 1270 virtute,
788 1191 844 1254 sed
865 1193 1026 1255 occasione
1052 1205 1083 1254 et
1107 1205 1171 1254 arte

229 1292 318 1356 ducis
343 1296 410 1370 rati,
435 1293 511 1357 nihil
537 1315 576 1357 ex
600 1295 771 1378 arrogantia
793 1291 958 1368 remittere,
982 1314 1044 1375 quo
1068 1293 1170 1355 minus

234 1393 427 1480 juventutem
447 1407 607 1473 armarent,
624 1394 771 1480 conjuges
793 1415 831 1457 ac
851 1393 965 1457 liberos
980 1394 1010 1456 in
1025 1393 1092 1456 loca
1106 1405 1171 1456 tuta
1210 1413 1213 1418 “

230 1499 434 1575 transferrent,
471 1499 611 1562 coetibus
648 1518 685 1560 ac
721 1495 880 1560 sacrificiis
916 1495 1170 1577 conspirationem

230 1601 388 1663 civitatum
403 1591 578 1661 sancirentr
591 1610 683 1681 atque
699 1598 877 1672 itajrritatis
892 1599 1046 1681 utrimque
1061 1598 1170 1661 animis

229 1699 414 1762 discessum.

271 1799 429 1864 XXVIII.
458 1797 579 1861 Eadem
614 1809 729 1860 aestate
759 1797 868 1860 cohors
898 1797 1088 1882 Usipiorum,
1117 1820 1171 1879 per

231 1901 414 1965 Germanias
454 1901 634 1984 conscripta,
684 1902 717 1961 in
754 1898 944 1962 Britanniam
981 1901 1159 1962 transmissa

230 2024 377 2085 magnum
405 2022 442 2062 ac
470 2000 668 2097 memorabile
697 1997 817 2062 facinus
849 2021 925 2062 ausa
954 2012 1011 2063 est.
1056 1999 1170 2063 Occiso

229 2103 405 2166 centurione
424 2123 461 2164 ac
482 2101 642 2177 militibus,
658 2101 711 2184 qui
726 2099 764 2164 ad
779 2100 957 2164 tradendam
978 2101 1171 2183 disciplinam

229 2205 359 2267 immixti
373 2203 538 2288 manipulis
565 2203 741 2284 exemplum
763 2215 794 2266 et
814 2215 949 2267 rectores
970 2202 1169 2281 habebantur,
1188 2206 1197 2241 ‘

229 2317 290 2368 tres
305 2305 482 2383 liburnicas,
498 2305 615 2369 adactis
637 2305 770 2388 pervim
784 2305 1048 2390 gubernatoribus,
1064 2328 1171 2369 ascen·

228 2407 326 2470 dere:
364 2419 395 2470 et
424 2429 486 2470 uno
520 2408 701 2492 remigante,
731 2409 885 2489 suspectis
913 2407 1036 2471 duobus
1072 2429 1170 2491 eoque

228 2508 405 2585 interfectis,
435 2508 573 2572 nondum
607 2509 732 2592 vulgato
766 2531 889 2572 rumore
917 2521 952 2572 ut
987 2509 1170 2572 miraculum

228 2611 508 2691 praevehebantur:
536 2631 609 2672 mox
636 2609 695 2672 hac
723 2621 814 2692 atque
842 2602 894 2672 illa
921 2611 1009 2690 rapti,
1039 2622 1071 2672 et
1098 2630 1170 2672 cum

229 2711 380 2794 plerisque
395 2711 619 2787 Britannorum,
635 2731 693 2772 sua
706 2709 941 2785 defensantium,
957 2709 1073 2789 proelio
1099 2731 1170 2771 con·

229 2814 337 2895 gressi,
361 2833 398 2874 ac
420 2834 512 2894 saepe
533 2814 675 2888 victores,
698 2811 861 2895 aliquando
881 2811 973 2892 pulsi,
997 2832 1034 2873 co
1058 2810 1096 2873 ad
1118 2831 1169 2872 ex·

230 2926 362 2975 tremum
384 2913 504 2994 inopiae
519 2935 641 2989 venere,
657 2926 691 2976 ut
705 2913 930 2976 infirmissimos
946 2933 1082 2986 suorum,
1098 2933 1169 2974 mox

230 3027 310 3076 sorte
360 3013 477 3096 ductos,
534 3023 744 3080 vescerentur.
815 3012 924 3097 Atque
971 3013 1169 3075 circumvecti

231 3110 429 3190 britanniam,
459 3115 581 3178 arnissis
609 3136 666 3196 per
693 3116 845 3178 inscitiam
873 3113 1000 3197 regendi
1028 3114 1168 3190 navibus,

232 3237 283 3296 pro
320 3215 523 3296 praedonibus
554 3215 658 3292 habiti,
689 3217 823 3297 primurn
852 3237 870 3278 a
899 3215 1022 3291 Suevis,
1052 3237 1124 3278 mox
1151 3237 1169 3279 a

232 3314 337 3378 Frisiis
353 3317 510 3396 intercepti
534 3328 624 3378 sunt:
647 3338 684 3379 ac
698 3317 795 3390 fuere,
812 3338 889 3400 qnos
910 3338 966 3398 per
986 3317 1168 3380 commercia

231 3417 430 3480 venumdatos
460 3429 491 3479 et
519 3419 551 3480 in
578 3430 713 3480 nostram
741 3439 841 3501 usque
869 3420 967 3503 ripam
1002 3420 1168 3482 mutatione

231 3519 398 3581 ementium
420 3518 578 3596 adductos,
594 3519 742 3582 indicium
757 3521 832 3582 tanti
848 3541 939 3583 casus
954 3520 1127 3584 illustravit.

271 3615 387 3680 XXIX.
410 3619 501 3683 Initio
523 3621 648 3684 aestatis
670 3620 824 3704 Agricola,
849 3621 1020 3685 domestico
1044 3620 1167 3684 vulnere

234 3721 320 3784 ctus.
336 3741 416 3782 anno
438 3734 506 3784 ante
528 3735 635 3787 natum
656 3721 755 3786 tilium
776 3724 888 3787 amisit.
935 3721 1038 3794 Quem
1061 3741 1166 3784 casum
