2514 4154
503 342 544 383 on
568 341 749 383 crannum.
820 368 833 387 .
997 345 1000 353 ·
1056 326 1095 384 39

160 488 252 572 Rugii
282 502 313 552 et
335 487 498 552 Lemovii·
530 490 728 573 omniumque
758 488 866 551 harum
892 489 1030 572 gentiunt
1053 489 1097 551 in·

158 592 252 674 signo,
282 591 410 654 rotunda
441 603 537 667 scuta,
566 591 676 652 breves
711 590 815 674 gladii,
845 603 875 653 et
904 613 977 675 erga
1009 611 1097 675 reges

157 693 349 775 obsequium.

197 790 306 854 XLIV.
337 794 490 857 Suionum
526 793 597 857 hinc
625 795 774 870 civitates,
806 795 872 875 ipso
901 794 932 857 in
962 794 1097 871 Oceano,

157 907 276 979 praeter
290 896 370 958 viros
387 917 532 978 armaque
547 896 700 959 classibus
715 895 817 959 valent
830 917 838 958 :
862 895 960 959 forma
975 897 1098 959 navium

157 1017 194 1058 eo
215 996 327 1071 differt,
348 996 432 1080 quod
452 997 607 1081 utrimque
628 1019 717 1078 prora
743 1009 879 1079 paratam
903 1019 1026 1079 semper
1047 1020 1100 1079 ap·

158 1095 260 1177 pulsui
282 1095 413 1160 frontem
434 1098 517 1180 agit:
540 1119 598 1160 nec
608 1097 687 1162 velis
696 1096 923 1182 ministrantur,
931 1120 990 1162 nac
998 1119 1099 1160 remos

159 1198 188 1260 in
210 1197 346 1262 ordinem
367 1199 514 1262 lateribus
537 1198 716 1283 adjungunt.
762 1198 915 1275 Solutum,
931 1211 966 1263 ut
988 1200 1019 1262 in
1034 1201 1101 1283 qui-

158 1299 287 1362 ousdam
301 1300 474 1377 fluminum,
491 1313 522 1363 ct
536 1300 693 1375 mutabile,
709 1312 744 1362 ut
765 1321 815 1361 res
840 1301 949 1380 poscit,
965 1300 1037 1363 hinc
1052 1301 1100 1363 vel

159 1400 241 1463 illinc
268 1401 445 1484 remigium.
489 1400 549 1463 Est
576 1399 659 1481 apud
686 1399 755 1462 illos
784 1411 816 1461 et
843 1400 953 1481 opibus
981 1399 1100 1476 honos;

158 1521 257 1583 eoque
280 1522 361 1562 unus
387 1501 548 1581 imperitat,
571 1499 664 1562 nullis
687 1498 752 1584 jam
777 1499 1018 1581 exceptionibus,
1041 1522 1102 1562 non

157 1602 295 1682 precario
319 1600 387 1684 jure
409 1600 546 1686 parendi.
588 1599 659 1685 Nec
687 1622 781 1677 arma,
811 1614 845 1664 ut
873 1600 954 1682 apud
983 1614 1101 1664 ceteros

159 1701 340 1779 Germanos,
357 1703 389 1766 in
412 1703 598 1787 promiscuo,
623 1702 679 1766 sed
703 1702 810 1766 clausa
833 1704 891 1766 sub
917 1703 1045 1767 custode
1071 1716 1102 1766 et

158 1804 283 1887 quidem
299 1825 406 1867 servo:
429 1805 502 1888 quia
517 1806 635 1868 subitos
655 1805 790 1869 hostium
805 1806 947 1868 incursus
962 1805 1102 1890 prohibet

159 1905 314 1981 Oceanus,
342 1906 439 1969 otiosa
467 1927 555 1987 porro
584 1918 769 1969 armatorum
796 1927 907 1969 manus
929 1905 1020 1969 facile
1041 1905 1088 1968 las

63 2086 66 2096 Ι
159 2007 295 2070 ciriunt:
320 2009 480 2075 enimvero,
503 2029 604 2091 neque
627 2008 762 2072 nobilem
791 2029 893 2091 neque
922 2008 1091 2092 ingenuum

159 2128 198 2169 ne
216 2107 390 2171 libertinum
406 2107 540 2190 quidem,
558 2110 651 2171 armis
673 2130 859 2190 praeponere
881 2109 965 2191 regia
987 2108 1102 2171 utilitas

160 2220 217 2270 est.

201 2305 297 2370 XLV.
320 2308 422 2371 Trans
446 2309 577 2371 Suionas
600 2309 684 2373 aliud
704 2333 799 2384 mare,
814 2312 936 2395 pigrum
952 2333 989 2373 ac
1010 2332 1103 2393 prope

161 2412 332 2485 immotum,
359 2431 421 2492 quo
447 2410 528 2492 cingi
553 2410 697 2492 cludique
726 2423 875 2473 terrarum
903 2413 1009 2474 orbem
1032 2410 1103 2474 hinc

161 2510 249 2586 fides,
281 2509 363 2593 quod
392 2521 548 2572 extremus
578 2509 714 2573 cadentis
747 2511 812 2596 jam
841 2510 915 2574 solis
943 2510 1045 2594 fulgor
1072 2512 1103 2574 in

162 2624 245 2673 ortus
271 2611 378 2674 edurat
399 2610 476 2673 adeo
505 2611 616 2688 clarus,
639 2624 674 2674 ut
700 2611 799 2674 sidera
820 2611 964 2689 hebetet;
993 2633 1103 2676 sonum

162 2713 286 2792 insuper
313 2712 420 2788 audiri,
450 2711 626 2795 formasque
655 2712 784 2775 deorum
812 2725 843 2776 et
870 2711 971 2775 radios
994 2713 1102 2794 capitis

162 2813 257 2894 aspici
283 2813 442 2894 persuasio
466 2812 579 2896 adjicit.
623 2812 703 2875 Illuc
724 2835 835 2896 usque,
863 2825 894 2876 et
917 2813 999 2876 fama
1020 2836 1102 2886 vera.

162 2927 278 2977 tantum
292 2928 409 2976 natura.
454 2913 539 2997 Ergo
554 2915 620 2998 jam
634 2913 739 2977 dextro
756 2915 882 2979 Suevici
891 2917 989 3001 'maris
1003 2917 1102 2980 littore

164 3015 347 3095 Aestyorum
369 3027 477 3098 gentes
493 3014 669 3078 alluuntur:
693 3016 805 3099 quibus
820 3018 897 3081 ritus
918 3017 1102 3100 habitusque

164 3114 361 3194 Suevorum;
406 3116 512 3199 lingua
549 3114 743 3179 Britannicae
781 3119 912 3199 propior.
970 3116 1103 3180 Matrem

163 3214 256 3278 deum
297 3229 502 3279 venerantur:
548 3217 669 3301 insigne
712 3219 946 3302 superstitionis,
989 3216 1102 3279 formas

163 3337 305 3396 aprorum
340 3330 481 3400 gestant;
519 3317 551 3380 id
585 3339 640 3398 pro
676 3320 768 3382 armis
805 3320 948 3401 omnique
985 3316 1101 3379 tutela:

164 3436 307 3478 securum
329 3416 405 3478 deae
434 3418 583 3480 cultorem
612 3420 705 3482 ctiam
727 3421 804 3482 inter
825 3418 929 3481 hostes
958 3429 1102 3500 praestat.

165 3515 267 3579 Rarus
303 3514 383 3591 ferri,
423 3516 568 3600 frequens
610 3518 739 3582 fustium
783 3541 872 3581 usus.
937 3515 1101 3580 Frumento

164 3628 342 3698 ceterosque
371 3615 488 3679 fructus
516 3621 690 3698 patientius,
714 3615 807 3701 qu'arn
835 3640 891 3702 pro
913 3617 1002 3679 solita
1025 3615 1099 3680 Ger·

165 3736 323 3782 manomm
345 3717 460 3790 inertia,
483 3717 630 3791 laborant.
675 3718 739 3788 Sed
761 3730 792 3787 et
813 3738 896 3788 mare
919 3728 1092 3786 scrutantur
1190 3791 1192 3794 ,
