2514 4154
188 312 229 367 ³6
510 328 541 368 c.
564 327 663 368 cors.
685 326 797 368 'rscrrr

183 494 350 555 servosque
377 473 521 554 publicae
542 474 606 536 rei:
634 496 694 536 non
724 474 835 536 studiis
861 474 988 555 priratrs
1009 495 1069 536 nec
1090 495 1127 538 ex

182 573 447 637 commendatione
483 588 537 636 aut
571 575 715 655 precibus
758 577 973 638 centurionum
1014 576 1127 638 milites

182 677 291 752 ascire,
315 677 371 739 sed
400 679 551 761 optimum
584 697 738 761 quemque
779 677 969 741 fidissimum
995 693 1126 760 putare·

182 778 285 839 omnia
316 781 407 854 scire,
436 801 498 841 non
530 780 633 840 omnia
659 781 813 862 exsequi:
850 782 953 864 porris
990 782 1127 864 peccatis

181 880 313 955 reniam,
336 882 457 964 magnis
479 882 674 942 severitatem
699 881 918 943 commodare:
949 904 1007 944 nec
1028 904 1127 962 poena

181 1001 315 1061 semper,
352 982 409 1044 sed
445 983 569 1062 saepius
608 983 796 1062 poenitentia
830 972 994 1044 conlentus
1029 1005 1125 1044 esse:

181 1081 293 1145 officiis
321 1097 353 1146 et
380 1082 693 1146 administrationibus
724 1085 829 1163 potius
856 1106 918 1146 non
945 1100 1127 1165 peccaturos

181 1205 379 1269 praeponere,
404 1207 498 1269 quam
526 1185 682 1261 damnare,
711 1207 786 1247 cum
812 1199 1007 1266 peccassent.
1049 1184 1127 1248 Fru-

181 1289 276 1351 menti
299 1301 331 1351 et
351 1288 534 1351 tributorum
555 1289 731 1350 auctionem
752 1287 937 1370 aequalitate
962 1309 1128 1349 munerum

180 1389 310 1466 mollire,
333 1390 536 1464 circumcisis,
559 1411 650 1473 quae,
673 1390 706 1451 in
726 1402 891 1472 quaestum
912 1402 1042 1470 reperta,
1058 1389 1126 1469 ipso

180 1493 293 1555 tributo
314 1493 439 1576 gravius
468 1491 693 1555 tolerabantur:
720 1513 854 1575 namque
874 1512 932 1572 per
958 1491 1127 1554 ludibrium

180 1593 316 1656 assidere
338 1593 454 1656 clausis
475 1593 592 1656 horreis
615 1607 647 1656 et
674 1616 778 1656 emere
800 1594 881 1656 ultro
902 1594 1067 1668 frumenta,
1089 1615 1126 1655 ac

182 1694 312 1757 rendere
333 1696 432 1775 pretio
453 1694 663 1777 cogebantur:
686 1694 823 1757 devortia
844 1697 989 1758 itinerum
1010 1709 1042 1757 et
1061 1695 1126 1757 lon·

180 1797 335 1879 ginquitas
349 1796 511 1881 regionum
526 1794 727 1869 indicebatur,
742 1807 778 1857 ut
791 1797 932 1857 civitates
946 1817 966 1856 a
978 1797 1125 1875 proximis

179 1896 315 1958 hibernis
344 1897 376 1958 in
410 1908 528 1958 remota
556 1906 588 1957 et
615 1894 684 1956 aria
718 1893 876 1969 referrent,
905 1894 1015 1971 donec,
1042 1896 1125 1977 quod

179 1997 323 2059 omnibus
345 1997 377 2058 in
397 2008 541 2076 promptu
563 2008 637 2072 erat,
659 1996 769 2076 paucis
790 1995 949 2058 lucrosum
970 1996 1069 2059 fieret.

221 2095 297 2161 XX.
320 2095 411 2160 Haec
431 2098 532 2177 primo
553 2098 657 2160 statim
678 2119 759 2159 anno
780 2097 1020 2178 comprimendo,
1036 2120 1123 2182 egre-

179 2201 262 2284 giam
285 2197 400 2262 samam
425 2200 498 2285 paci
519 2199 740 2277 circumdedit;
763 2221 843 2283 quae
864 2199 915 2262 vel
936 2200 1054 2264 incuria
1074 2201 1123 2264 vel

180 2301 369 2365 intolerantia
389 2303 524 2382 priorum
544 2300 627 2365 haud
652 2301 756 2364 minus
778 2323 873 2386 quam
893 2301 1011 2366 bellum
1036 2303 1124 2365 time-

179 2401 279 2467 batur.
323 2398 398 2480 Sed,
420 2404 484 2467 ubi.
504 2416 606 2467 aestas
634 2403 767 2479 advenit,
791 2416 947 2467 contracto
975 2405 1123 2479 exercitu,

180 2505 296 2569 multus
318 2506 349 2568 in
371 2507 494 2590 agmine
515 2505 640 2570 laudare
661 2505 857 2582 modestiam,
871 2505 1017 2590 disjectos
1039 2528 1111 2568 coer

179 2629 271 2671 cere:
294 2609 363 2671 loca
376 2608 486 2670 castris
501 2609 568 2687 ipsc
583 2628 704 2687 capere,
719 2592 874 2669 aestuaria
888 2629 924 2668 ac
940 2607 1034 2670 silvas
1056 2608 1122 2688 ipse

179 2720 394 2793 praetentare;
426 2721 457 2771 et
485 2707 562 2770 nihil
589 2708 710 2769 interim
740 2707 822 2787 apud
850 2707 955 2769 hostes
984 2710 1123 2791 quietum

178 2809 251 2890 pati,
267 2829 329 2891 quo
343 2809 445 2870 minus
461 2807 572 2871 subitis
587 2806 769 2870 excursibus
782 2807 996 2888 popularetur:
1019 2821 1122 2891 atque,

178 2908 230 2970 ubi
253 2907 328 2969 satis
350 2919 506 2983 terruerat,
521 2907 675 2989 parcendo
697 2929 805 2970 rursus
827 2908 1016 2970 irritamenta
1037 2911 1122 2988 pacis

178 3020 340 3070 ostentare.
384 3006 508 3081 Quibus
534 3008 628 3071 rebus
658 3008 773 3071 multae
801 3008 952 3081 civitatee,
982 3029 1062 3090 quae
1091 3009 1123 3072 in

179 3109 264 3172 illum
290 3107 374 3170 diem
400 3129 560 3192 exaequo
585 3121 720 3192 egerant,
743 3108 822 3171 datis
849 3108 1019 3184 obsidibus,
1046 3110 1122 3173 iram

177 3231 319 3292 posuere,
346 3221 376 3272 et
400 3209 561 3290 praesidiis
582 3209 780 3291 castellisque
806 3208 1013 3272 circumdatae
1040 3223 1122 3273 tanta

177 3313 292 3377 ratione
318 3331 464 3394 curaque,
479 3322 515 3373 ut
540 3310 624 3374 nulla
649 3323 718 3374 ante
745 3309 921 3373 Britanniae
946 3333 1026 3374 nora
1051 3334 1122 3394 pars

178 3414 342 3478 illacessita
364 3413 526 3476 transierit.

218 3515 312 3581 XXI.
345 3515 487 3600 Sequens
522 3513 621 3576 hiems
655 3513 864 3578 saluberrimis
899 3517 1036 3579 consiliis
1070 3515 1121 3578 ab·

177 3630 317 3699 sumpta:
340 3638 484 3700 namque,
501 3628 535 3680 u‘,
549 3614 689 3680 homines
702 3616 834 3698 dispersi
849 3639 886 3679 ac
901 3616 1005 3693 rudes,
1022 3638 1120 3700 eoque

177 3720 206 3782 in
230 3720 313 3782 bella
333 3718 450 3795 faciles,
474 3718 569 3803 quati
591 3730 622 3781 et
644 3719 710 3782 otio'
731 3740 786 3800 per
800 3718 973 3801 voluptates
996 3739 1108 3780 assues
