2514 4154
501 328 542 373 ns
567 327 744 372 oraturum.
1054 316 1094 372 29

168 497 220 540 um
237 490 337 540 tamen
353 490 404 540 aut
420 477 595 540 mercedem
609 500 616 552 ;
641 479 781 560 quamvis
802 475 928 539 audacis
951 475 1095 576 lasci-uiae

156 581 286 660 pretium
323 592 370 641 est
408 579 548 659 voluptas
585 580 791 662 spectantium
855 578 977 653 Aleam,
1014 576 1094 660 quod

157 681 274 754 mirere,
293 680 385 743 sobrii
409 681 486 741 inter
508 677 586 743 seria
609 691 751 742 exercent
772 691 855 741 tanta
877 677 1013 740 lucrandi
1030 699 1097 758 per-

155 779 285 842 dendive
302 781 480 855 temeritate,
497 793 540 854 ut,
554 802 625 842 cunr
641 780 743 842 omnia
757 779 945 854 defecerunt,
962 791 1097 840 extremo

155 902 191 942 ac
214 882 381 943 novissimo
408 880 489 960 jactu
504 880 542 942 de
565 881 702 942 libertate
719 900 754 942 ao
769 880 807 942 de
823 900 950 962 corpore
974 892 1096 941 conten-

155 982 237 1043 dant.
281 979 391 1043 Victus
413 981 614 1047 roluntariam
644 983 821 1044 servitutem
844 980 925 1043 adit:
957 982 1096 1062 quamvis

160 1082 309 1165 juvenior,
345 1083 486 1163 quamvis
522 1082 682 1152 robustior,
711 1082 828 1165 alligari
865 1103 898 1144 se
928 1103 965 1144 ae
994 1082 1096 1143 venire

156 1185 285 1266 patitur:
317 1205 353 1245 ea
382 1196 430 1246 est
458 1185 488 1246 in
518 1205 550 1245 re
580 1205 673 1264 prava
700 1184 892 1263 pervicacia:
917 1184 974 1263 ipsi
1004 1166 1096 1244 fidem

155 1297 273 1346 vocant.
328 1284 441 1347 Servos
477 1284 660 1346 conditionis
694 1285 785 1368 hujus
822 1306 877 1354 per
913 1284 1096 1345 commercia

156 1385 284 1459 tradunt,
301 1398 335 1447 ut
350 1407 382 1447 se
399 1407 521 1467 quoque
536 1386 651 1464 pudore
667 1385 810 1447 victoriae
827 1383 992 1445 exsolvant.

198 1483 303 1546 XXV.
327 1483 445 1546 Ceteris
469 1486 575 1558 serviS,
599 1506 659 1545 uon
681 1486 711 1545 in
734 1496 870 1545 nostrum
893 1503 1009 1544 morem
1026 1482 1096 1544 des·

156 1586 260 1664 criptis
302 1606 357 1664 per
391 1583 539 1646 familiam
582 1585 768 1659 ministeriis
805 1596 941 1645 utuntur.
1000 1582 1096 1645 Suam

156 1686 287 1768 quisque
331 1683 446 1760 sedem,
491 1707 564 1746 suos
607 1698 733 1766 penates
776 1685 864 1768 regit.
941 1682 1096 1747 Frumenti

156 1786 282 1848 modum
311 1785 463 1861 dominus,
491 1799 544 1848 aut
573 1787 691 1868 pecoris
720 1798 773 1848 aut
794 1787 898 1860 vestiS,
922 1799 954 1847 ut
978 1784 1095 1859 colono,

156 1887 307 1971 injungit:
345 1899 375 1950 et
404 1909 511 1949 servus
541 1887 689 1950 haetenus
717 1898 823 1968 paret;
856 1901 957 1949 cetera
986 1885 1095 1947 domus

157 1988 257 2051 officia
272 2011 348 2051 uxor
361 2011 397 2050 ac
413 1989 500 2051 liberi
522 2001 740 2071 exsequuntur.
784 1987 952 2050 Verberare
973 2007 1095 2048 servum

157 2110 192 2150 ac
206 2089 338 2151 vinculis
354 2101 384 2151 et
399 2110 489 2169 opere
505 2111 657 2164 coercere,
671 2111 782 2151 rarum.
821 2088 971 2150 Occidere
987 2087 1095 2162 solent,

157 2212 215 2251 non
244 2190 405 2269 disciplina
434 2204 464 2250 ct
493 2191 664 2264 severitate,
696 2189 751 2251 scd
779 2190 894 2269 impetu
924 2201 954 2251 et
979 2191 1032 2262 ira,
1063 2202 1095 2251 ut

159 2291 326 2363 inimicum,
355 2291 414 2350 nisi
443 2289 526 2370 quod
554 2291 690 2371 impunc.
734 2289 851 2351 Liberti
879 2312 939 2351 nou
964 2290 1094 2352 multum

158 2412 249 2470 supra
271 2411 375 2450 servos
400 2401 480 2463 sunt,
497 2410 563 2449 raro
585 2389 708 2470 aliquod
729 2403 919 2452 momontum
941 2392 972 2452 in
993 2391 1094 2466 dorno,

157 2511 312 2571 nunquam
335 2488 364 2549 in
389 2489 532 2564 civitate;
557 2490 693 2568 exceptis
714 2488 859 2551 duntaxat
880 2490 918 2551 iis
943 2492 1094 2573 gentibus,

158 2611 235 2672 quae
257 2604 442 2672 regnantur:
470 2588 510 2651 ibi
537 2590 618 2651 euim
635 2601 665 2651 et
680 2609 773 2672 super
794 2589 946 2678 lQ
960 2602 990 2651 et
1006 2612 1092 2671 super

157 2690 274 2753 nobiles
311 2690 501 2753 ascendunt:
539 2689 622 2775 apud
650 2704 768 2753 ceteros
805 2691 936 2771 impares
965 2692 1093 2755 libertini

158 2789 304 2853 libertatis
327 2804 542 2873 argumentum
565 2803 646 2853 suut.

199 2891 321 2954 XXVI.
344 2891 448 2954 Fenus
471 2894 584 2976 agitare
600 2895 675 2955 etin
691 2916 800 2955 usuras
823 2895 994 2970 extendere,
1011 2897 1083 2979 igno

157 3006 241 3055 tum:
265 2992 395 3075 ideoque
419 2995 518 3075 magis
541 3007 686 3069 servatur,
703 3016 794 3076 quarn
810 2996 836 3058 si
851 2997 979 3058 vetitum
1002 3011 1084 3059 esset

157 3093 232 3175 Agri
258 3114 454 3176 pronomem
473 3093 625 3156 cultorum
640 3094 678 3156 ab
691 3096 841 3159 universis
858 3098 888 3158 in
902 3098 987 3158 vicos
1004 3119 1080 3159 occu

159 3206 274 3272 pautur,
308 3215 385 3275 qnos
415 3216 487 3255 mox
521 3196 598 3256 inter
627 3218 660 3257 se
690 3197 860 3260 secundum
889 3199 1093 3280 dignationem

159 3292 345 3354 nartiuntur:
384 3293 560 3356 facilitatem
596 3296 744 3378 partiendi
783 3319 959 3377 camporum
998 3297 1092 3374 spatia

160 3406 319 3471 praestant.
365 3394 447 3455 Arva
462 3416 516 3474 per
530 3417 624 3456 annos
642 3411 778 3458 mutant:
803 3410 832 3458 et
848 3407 986 3474 superest
1001 3415 1092 3476 ager;

160 3511 216 3552 nee
231 3493 312 3552 enirn
327 3513 398 3554 curn
412 3494 549 3556 ubertate
566 3509 596 3556 et
610 3496 807 3575 amplitudine
824 3495 879 3555 soli
902 3494 1004 3554 labore
1023 3515 1094 3556 cou-

123 3631 125 3635 <
160 3591 296 3666 tondunt,
317 3604 351 3653 ut
375 3596 511 3672 pomaria
538 3607 699 3657 conserant
728 3607 758 3655 et
786 3610 870 3672 prata
899 3607 1040 3671 separent
1064 3607 1093 3658 et

160 3690 260 3754 hortos
289 3705 409 3773 rigent:
447 3693 511 3755 sola
540 3707 636 3755 terrae
666 3714 756 3774 seges
787 3695 959 3771 imperatur.
1005 3693 1093 3758 Unde
