2514 4154
515 324 684 366 acaicorn.
1032 312 1069 367 55

133 469 247 532 bellum
272 468 467 546 inchoaturo,
497 483 528 533 et
555 469 710 553 plerisque
746 470 892 535 custodiri
929 484 1071 553 suspecta
1099 477 1107 489 ‘

132 571 233 650 potius
255 569 424 646 uidebatur,
447 570 491 632 ire
514 569 635 634 obviarn
657 570 825 634 discrimini
854 573 977 634 statuit:
1001 594 1059 634 con
1078 586 1134 624 δι·

132 671 310 754 tractisque·
332 670 489 754 legionum
524 671 644 733 vexillis
673 683 704 733 et
734 672 855 734 modica
891 673 1072 738 auxiliorum

132 794 234 848 manu,
252 774 324 852 quia
346 773 377 834 in
399 794 533 854 aequum
555 771 678 855 degredi
698 772 866 836 Ordovices
892 796 953 836 non
978 774 1072 836 aude·

131 873 212 949 bant,
229 875 296 953 ipse
319 886 388 935 ante
410 894 531 956 agmen,
547 896 608 956 quo
631 875 741 937 ceteris
763 897 819 954 par
840 876 960 938 animus
979 875 1071 938 simili

132 974 267 1054 periculo
283 987 374 1050 esset,
391 976 486 1038 erexit
505 976 625 1037 aciem:
649 995 801 1058 caesaque
821 998 914 1057 prope
929 978 1072 1039 universa

131 1087 232 1158 gente,
248 1096 309 1137 non
330 1076 459 1158 ignarus
479 1075 654 1138 instandum
673 1075 784 1152 famae,
800 1099 847 1153 ac,
862 1091 952 1158 prout
973 1078 1072 1159 prima

132 1176 307 1252 cessissent,
318 1182 470 1238 terrorem
481 1172 594 1238 ceteris
606 1173 811 1257 fore,Monam
822 1170 965 1257 insulam,
983 1178 1071 1262 cujus

132 1277 327 1360 possessione
362 1288 540 1339 revocatum
568 1275 746 1339 Paullinum
781 1277 946 1340 rebellione
978 1280 1071 1341 totius

132 1376 307 1439 Britanniae
336 1399 428 1457 supra
455 1378 632 1453 memoravi,
663 1376 802 1459 redigere
831 1378 863 1439 in
889 1390 1072 1456 potestatem

131 1478 233 1538 animo
262 1477 400 1557 intendit,
446 1476 519 1552 Sed,
549 1489 584 1538 ut
612 1477 644 1538 in
672 1475 774 1538 dubiis
803 1477 949 1569 consiliis,
977 1500 1072 1540 naves

132 1577 277 1639 deerant:
307 1577 383 1638 ratio
412 1589 443 1639 et
471 1577 639 1639 constantia
667 1576 756 1639 ducis
788 1577 964 1641 transvexit.
1007 1576 1071 1640 De·

131 1678 239 1758 positis
283 1677 425 1741 omnibus
468 1678 605 1753 sarcinis
647 1678 832 1741 lectissimos
868 1678 1070 1755 auxiliarium,

132 1780 244 1862 quibus
270 1792 342 1842 nota
362 1779 441 1842 vada
462 1792 493 1842 et
513 1780 629 1859 patrius
657 1778 748 1842 nandi
777 1800 864 1853 usne,
891 1801 953 1862 quo
979 1779 1071 1843 simul

132 1902 227 1964 seque
251 1894 281 1944 et
303 1903 387 1944 arma
409 1894 440 1944 et
461 1903 557 1964 equos
579 1893 698 1964 regunt,
722 1881 764 1943 ita
784 1874 909 1962 repebte
931 1881 1069 1956 immisit,

116 1977 165 2045 bt
194 1982 397 2064 obstupefacti
426 1983 540 2058 hostes,
564 1984 616 2066 qui
646 1983 787 2059 classem,
811 1982 864 2065 qui
888 2004 993 2059 naues,
1017 1983 1071 2066 qui

131 2105 214 2146 mare
238 2085 448 2166 expectabant,
474 2084 549 2147 nihil
571 2085 701 2147 arduum
722 2096 776 2151 aut
797 2085 946 2147 invictum
974 2084 1071 2146 credi·

131 2183 229 2246 derint
244 2185 289 2246 sic
311 2183 350 2247 ad
371 2185 488 2247 bellum
509 2184 713 2247 venientibus.
758 2183 806 2246 Ita
827 2185 922 2268 petita
943 2205 1019 2269 pace
1035 2205 1071 2246 ac

131 2285 233 2347 dedita
269 2284 379 2359 insula,
409 2284 510 2346 clarus
538 2305 576 2346 ac
604 2305 735 2366 magnus
772 2285 876 2347 haberi
905 2285 1070 2368 Agricola:

132 2386 245 2469 quippe
270 2385 322 2446 cui
343 2384 524 2467 ingredienti
552 2385 750 2464 provinciam,
773 2385 855 2467 quod
876 2397 998 2465 tempus
1020 2385 1072 2449 alii

132 2509 185 2566 per
205 2486 438 2548 ostentationem
460 2496 513 2547 aut¹
535 2483 706 2547 officiorum
727 2485 877 2548 ambitum
891 2487 1071 2567 transigunt,

132 2589 217 2650 labor
239 2599 270 2649 et
290 2585 463 2667 periculum
490 2585 668 2667 placuisset.
711 2584 782 2648 Nec
811 2585 965 2669 Agricola,
987 2608 1058 2667 pros

131 2691 258 2775 peritate
283 2709 386 2751 rerum
412 2688 444 2750 in
468 2689 635 2751 vanitatem
660 2709 747 2763 nsua,
773 2686 997 2769 expeditionem
1011 2700 1071 2755 ,aut

134 2791 288 2854 victoriam
303 2789 433 2853 vocabat
446 2789 544 2879 victos
559 2790 747 2852 continuisse
762 2810 769 2851 :
792 2810 831 2851 ne
846 2788 989 2853 laureatis
1004 2790 1070 2872 qui·

131 2893 203 2955 dem
230 2904 319 2976 gesta
347 2884 530 2972 prosecutus
557 2903 625 2952 est:
656 2889 712 2953 sed
739 2891 806 2971 ipsa
828 2890 1090 2974 dissimulatione¹

132 2993 230 3057 lamae
252 2994 368 3057 famam
389 2992 484 3068 auxit,
506 2991 749 3068 aestimantibus,
765 2995 877 3074 quanta
898 2989 994 3079 futuri
1016 3013 1070 3074 spe

132 3107 194 3157 tam
208 3116 320 3180 magna
334 3093 493 3157 tacuisset.

174 3193 266 3258 XIX.
312 3194 460 3258 Ceterum
502 3194 673 3256 animorum
715 3194 889 3273 provinciae
926 3192 1070 3274 prudens,

133 3294 286 3378 simulque
307 3295 417 3358 doetus
441 3316 497 3376 per
524 3296 624 3358 aliena
646 3296 852 3375 experimenta
872 3316 981 3378 parum
1003 3315 1071 3377 pro·

134 3394 184 3457 fici
212 3396 315 3471 armis,
339 3397 365 3459 si
394 3395 520 3480 injuriae
549 3409 758 3478 sequerentur,
782 3417 893 3457 causas
922 3395 1070 3457 bellorum

134 3496 238 3559 statuit
259 3495 411 3558 excidere.
454 3498 532 3559 Asc
548 3498 673 3579 suisque
689 3518 786 3571 orsae,
802 3498 932 3577 primmn
946 3495 1070 3560 domum

134 3618 222 3660 suam
248 3596 403 3672 coercuit:
427 3597 508 3679 quod
529 3598 684 3679 plerisque
710 3596 792 3659 haud
815 3597 917 3658 minus
943 3594 1071 3659 arduum

136 3711 190 3776 est,
220 3719 314 3784 quam
349 3697 537 3778 provinciam
572 3719 689 3776 regere.
744 3696 830 3760 Nihil
858 3717 913 3778 per
948 3697 1071 3760 libertos
