2514 4154
511 320 552 362 oe
576 320 757 363 crannum.
1067 310 1101 368 ll

163 485 222 548 qne
238 464 365 528 aliarum
386 465 524 548 gentium
546 463 727 527 adventibus
750 476 781 527 et
802 461 943 545 hospitiis
966 463 1100 541 m'urtos3

163 567 234 649 quia
255 589 313 629 nec
334 575 413 629 terra
434 566 516 640 olim,
533 565 588 628 sed
610 565 762 628 classibus
785 564 1023 642 advehebantur,
1047 567 1099 649 qui

161 679 279 729 mutare
303 666 394 729 sedes
415 665 609 748 quaerebant,
647 677 678 728 et
699 665 870 728 immensus
894 663 982 741 ultra,
1005 678 1100 749 utque

162 769 207 830 sic
234 767 374 842 dixerim,
403 766 550 829 adversus
577 764 722 828 Oceanus
743 767 819 828 raris
842 767 880 828 ab
904 765 975 828 orbe
997 780 1097 828 nostro

161 868 290 930 navibus
305 866 414 930 aditur.
459 865 539 939 Quis
554 887 652 946 porro,
668 879 788 946 praeter
802 865 974 947 periculum
988 865 1098 930 horridi

149 978 191 1030 'et
220 969 314 1052 ignoti
342 968 445 1044 maris,
475 968 551 1029 Asia
578 978 632 1029 aut
660 967 765 1029 Africa
786 979 840 1029 aut
865 966 954 1029 Italia
983 967 1099 1044 relicta,

161 1068 359 1131 Germaniam
381 1080 506 1154 peteret,
548 1068 709 1131 informem
732 1069 828 1145 terris,
845 1089 988 1152 asperam
1002 1069 1100 1143 coele,

160 1171 277 1232 tristem
289 1169 374 1232 cultu
389 1182 588 1251 aspectuque,
605 1169 664 1230 nisi
680 1169 706 1230 si
721 1169 819 1252 patria
839 1168 899 1230 siet
935 1165 1101 1231 Celebrant

160 1271 346 1333 carminibus
368 1270 500 1353 antiquis
516 1268 613 1351 (quod
635 1290 732 1331 unum
747 1268 828 1348 apud
851 1269 918 1331 illos
934 1270 1099 1331 memoriae

160 1383 190 1433 ct
199 1372 352 1433 annalium
368 1393 466 1454 genus
482 1370 544 1449 est)
555 1369 745 1432 Tuiseonem
762 1369 855 1430 deum
878 1382 956 1431 terra
971 1369 1097 1445 editum,

160 1485 190 1534 et
222 1472 321 1535 filium
351 1471 512 1543 Mannum,
544 1470 694 1551 originem
722 1469 823 1551 gentis
855 1468 1099 1550 conditoresque.

161 1571 276 1634 Manno
290 1585 352 1634 tres
366 1571 446 1633 filios
461 1570 627 1653 assignant,
641 1590 801 1652 equorum
815 1569 989 1632 nominibus
1000 1571 1099 1650 proxi·

160 1673 202 1734 mi
216 1671 340 1734 Oceano
356 1671 555 1754 Ingaevones,
572 1670 666 1733 medii
681 1669 878 1746 Hermiones,
896 1671 989 1732 ceteri
1001 1670 1098 1733 Istae-

161 1793 252 1834 venes
260 1776 415 1833 vocentur.
455 1768 1096 1852 Quidamautem,utinlieentiavetustatis,

159 1872 261 1951 plures
269 1870 327 1934 deo
337 1883 416 1934 ortos
431 1871 597 1954 pluresque
612 1872 712 1955 gentis
722 1872 952 1957 appellationes
964 1870 1098 1948 Marma,

161 1971 363 2049 Gambrivios,
380 1973 510 2048 Suevos,
527 1971 703 2048 VandalioS,
718 1973 889 2050 affirmant3
913 1995 1010 2057 eaque
1026 1996 1097 2038 vera

158 2086 189 2136 et
210 2075 334 2157 antiqua
356 2075 489 2136 nomina.
535 2070 683 2158 Ceterum
709 2073 895 2137 Germaniae
909 2076 1096 2138 vocabulum

158 2195 265 2238 recens
281 2188 311 2237 et
324 2197 421 2255 nuper
435 2174 572 2236 additum
586 2196 593 2250 ;
610 2176 763 2257 quoniam,
780 2177 833 2258 qui
848 2176 937 2257 primi
949 2176 1096 2240 Rhenum

160 2277 341 2358 transgressi
365 2275 473 2336 Gallos
503 2275 681 2355 expulerint,
705 2298 742 2338 ao
763 2299 845 2339 nunc
868 2277 998 2361 Tungri,
1022 2293 1095 2342 tune

160 2376 306 2438 Germani
327 2376 427 2437 vocati
457 2376 540 2437 sint:
575 2377 617 2437 ita
637 2377 766 2439 nationis
788 2399 909 2454 nomen,
940 2401 1002 2443 non
1022 2401 1095 2464 gen·

160 2479 197 2540 tis
213 2475 366 2539 evaluisse
383 2474 540 2556 paulatim,
556 2488 590 2537 ut
612 2497 725 2538 omnes.
740 2479 874 2557 primum
895 2501 914 2541 a
928 2481 1041 2542 victore
1057 2482 1095 2543 ob

159 2591 285 2655 metum,
301 2599 405 2640 morra
427 2577 537 2657 seipsis
559 2578 682 2639 invento
702 2579 825 2640 nomine
843 2576 992 2644 Germani
1006 2603 1095 2645 voca·

158 2694 269 2744 rentur.

199 2781 260 2845 III.
283 2780 395 2845 Fuisse
417 2779 499 2862 apud
519 2802 573 2842 eos
596 2793 626 2843 et
648 2779 819 2845 Herculem
841 2797 1018 2862 memorant,
1034 2789 1093 2868 pri·

157 2904 303 2967 mumque
319 2884 456 2945 omnium
471 2883 605 2945 virorum
620 2881 744 2945 fortium
761 2885 829 2947 ituri
853 2885 884 2947 in
905 2888 1021 2966 proelia
1044 2911 1093 2951 ea-

158 2997 240 3049 nunt.
288 2984 369 3046 Sunt
382 2983 443 3046 illis
458 2980 535 3045 haee
549 3004 671 3066 quoque
684 2985 826 3061 carmina,
840 3007 970 3068 quorum
984 2989 1091 3065 relatu,

158 3107 250 3169 quem
271 3086 403 3147 baritum
424 3096 543 3161 vocant,
566 3084 738 3147 accendunt
759 3087 887 3163 animos,
910 3089 1092 3172 futuraeque

157 3207 276 3270 pugnae
292 3185 443 3248 fortunam
458 3186 526 3269 ipso
541 3197 632 3248 cantu
654 3201 858 3270 augurantur:
883 3200 995 3252 terrent
1010 3193 1091 3253 enim

107 3286 112 3303 ¹
157 3287 352 3368 trepidantre,
369 3300 459 3371 prout
474 3289 575 3351 sonuit
596 3289 689 3351 acies.
733 3287 765 3351 N
767 3311 803 3352 oc
825 3303 889 3352 tam
902 3311 995 3352 voees
1009 3291 1090 3362 illae,

157 3409 250 3471 quam
274 3390 393 3451 virtutis
420 3400 586 3451 concentus
614 3389 763 3452 videntur.
808 3391 979 3453 Affeetatur
1006 3410 1091 3467 prac-

157 3488 247 3569 cipue
273 3490 419 3569 asperitas
441 3489 508 3551 soni
530 3501 561 3551 et
582 3489 712 3561 fractum
733 3511 880 3562 murmur,
905 3486 1031 3567 objectis
1054 3490 1091 3553 ad

157 3590 313 3665 essentis,
330 3589 521 3672 quoplenior
543 3602 573 3651 et
594 3590 713 3672 gravior
728 3610 786 3650 vox
807 3605 991 3666 repercussu
1013 3588 1091 3653 intu-

158 3703 283 3759 mescat.
330 3691 477 3754 Ceterum
493 3704 523 3754 et
538 3691 660 3753 Ulixem
675 3691 800 3765 quidam
820 3688 980 3768 opinantur
1001 3687 1092 3775 longo
