2514 4154
506 307 547 348 nr:
571 305 750 348 cranium.
1058 292 1097 349 35

159 476 286 538 ingens3
310 454 483 537 veterisque
505 453 606 516 famae
628 452 689 515 lata
710 453 840 535 vestigia
861 464 995 528 manent,
1019 464 1097 515 utra·

159 575 217 636 quo
232 555 298 634 ripa
311 568 410 617 castra
425 575 462 617 ac
477 555 584 637 spatia,
600 574 730 637 quorum
749 553 864 615 ambitu
880 575 961 615 nunc
976 575 1097 636 quoque

158 656 291 717 metiaris
306 655 420 717 molem
441 675 612 736 manusque
627 655 728 737 gentis
744 668 775 716 et
789 666 852 716 tam
873 655 977 737 magni
998 655 1097 717 exitus

159 753 260 816 fidem.
316 754 584 816 Sexcentesimum
619 766 649 816 et
677 753 948 836 quadragesimum
984 775 1097 816 annum

159 856 230 916 urbs
253 868 355 917 nostra
377 856 496 938 agebat,
520 876 593 917 cum
622 857 753 936 primum
778 855 974 918 Cimbrorum
995 856 1097 918 audita

159 967 229 1017 sunt
251 977 344 1031 arma,
364 955 501 1018 Caecilio
516 954 643 1017 Metello
668 961 701 1015 et
724 954 847 1035 Papirio
865 954 1005 1017 Carbone
1027 977 1097 1017 con-

159 1055 290 1118 sulibus.
334 1055 386 1119 Ex
407 1044 469 1140 qud
491 1057 516 1119 si
539 1056 578 1118 ad
603 1055 732 1118 alterum
755 1055 950 1136 Imperatoris
972 1054 1095 1140 Trajani

157 1156 297 1218 consulat
286 1169 351 1219 tum
366 1170 591 1238 computemus,
607 1157 730 1218 ducenti
745 1156 842 1218 sermo
858 1169 889 1218 et
902 1155 1012 1218 decem
1027 1156 1096 1218 anni

100 1302 101 1307 η
156 1257 362 1340 colliguntur;
385 1257 503 1321 tamdiu
527 1257 694 1320 Germania
715 1257 855 1319 vincitur.
900 1255 1006 1318 Medio
1034 1269 1097 1319 tam

157 1355 238 1440 longi
254 1359 322 1420 aevi
346 1359 453 1441 spatio,
469 1357 588 1419 multa
581 1357 713 1418 invicem
727 1327 862 1417 damna:
885 1377 945 1416 non
961 1355 1095 1431 Samnis,

156 1478 215 1518 non
238 1456 347 1530 Poeni,
370 1479 431 1518 nou
453 1455 624 1540 Hispaniae
648 1454 817 1530 Galliaeve,
841 1476 879 1516 ne
902 1454 1009 1518 Parthi
1030 1455 1096 1537 qui-

155 1557 227 1620 dem
243 1579 366 1637 saeptus
389 1556 595 1619 admonuere:
618 1576 731 1640 quippe
751 1577 845 1639 regno
860 1557 985 1619 Arsacis
1000 1557 1097 1618 acrior

156 1670 203 1720 est
232 1657 457 1720 Germanorum
484 1656 619 1720 libertas.
664 1656 749 1730 Quid
778 1660 861 1720 enim
889 1657 973 1720 aliud
997 1658 1095 1734 nobis,

156 1781 249 1842 quarn
277 1758 405 1822 caedem
430 1759 545 1834 Crassi,
569 1759 683 1822 amisso
712 1773 743 1822 et
771 1761 837 1844 ipse
867 1759 996 1836 Pacoro,
1020 1759 1096 1823 infra

160 1861 335 1924 Ventidium
357 1861 494 1945 dejectus
518 1860 628 1924 Oriens
658 1860 828 1945 objecerit?
872 1862 914 1924 At
937 1860 1094 1937 Germani,

156 1961 295 2024 Carbone
325 1975 355 2025 et
386 1962 497 2025 Cassio
534 1974 564 2024 et
601 1962 719 2025 Scauro
748 1963 874 2025 Aurelio
906 1974 937 2025 et
966 1962 1096 2025 Servilio

158 2062 325 2148 Caepione,
350 2062 395 2126 M.
412 2086 552 2154 ‘quoque
569 2063 685 2152 Manlio
700 2065 778 2149 fusis
805 2065 855 2127 vel
877 2065 984 2146 captis,
1008 2065 1096 2148 quin-

156 2186 215 2247 que
252 2165 345 2226 simul
381 2165 557 2227 consulares
594 2167 746 2227 exercitus
783 2164 905 2250 Populo
942 2164 1095 2240 Romano,

156 2262 283 2339 Varum,
313 2275 436 2347 tresque
473 2287 546 2327 cum
581 2286 619 2327 eo
653 2265 801 2347 legiones,
838 2266 931 2328 etiam
968 2266 1095 2329 Caesari

156 2364 363 2426 abstulerunt:
387 2386 445 2426 uec
471 2365 595 2444 impune
624 2364 662 2427 C.
687 2364 805 2427 Marius
828 2366 859 2427 in
886 2366 983 2442 Italia,
1005 2366 1095 2430 divus

156 2464 259 2527 Julius
281 2465 312 2527 in
335 2463 447 2540 Gallia,
469 2463 593 2527 Drusus
619 2487 655 2527 ac
678 2464 763 2527 Nero
785 2478 815 2528 et
838 2465 1041 2529 Germanicus
1064 2468 1095 2529 in

157 2567 222 2629 suis
259 2554 467 2629 eos‘sedibus
503 2561 709 2647 perculerunt.
768 2565 844 2629 Mox
879 2567 1018 2649 ingentes
1057 2567 1095 2631 C.

155 2666 296 2731 Caesaris
325 2670 426 2731 minae
456 2669 488 2731 in
515 2667 682 2732 ludibrium
710 2690 828 2732 versae.
883 2666 959 2731 Inde
988 2669 1094 2747 otium,

155 2768 252 2832 donec
274 2771 435 2832 occasione
450 2769 621 2833 discordiae
643 2783 763 2832 nostrae
786 2784 817 2833 et
838 2770 976 2833 civilium
997 2793 1095 2834 armo·

158 2889 233 2946 rum,
264 2873 445 2954 expugnatis
481 2871 638 2953 legionum
673 2871 819 2945 hibernis,
853 2872 946 2934 etiam
976 2873 1094 2936 Gallias

156 2971 352 3035 affectavere:
376 2994 413 3034 ac
427 2994 533 3034 rursus
549 2972 641 3052 pulsi,
658 2972 728 3035 inde
743 2974 890 3056 proximis
905 2976 1094 3056 temporibus

156 3073 329 3152 triumphati
345 3074 444 3156 magis
460 3094 552 3155 quam
568 3073 736 3136 victisunt.

195 3169 370 3234 XXXVIII.
392 3172 486 3237 Nunc
508 3172 546 3236 de
571 3173 685 3237 Suavis
704 3174 869 3238 dicendum
892 3187 948 3252 est,
964 3199 1093 3259 quorum

158 3293 216 3335 non
226 3296 293 3352 una,
304 3284 339 3336 ut
349 3276 524 3338 Chattorum
540 3275 812 3352 Tencterorumve,
828 3298 924 3359 gens:
947 3277 1093 3360 majorem

157 3372 238 3434 culm
273 3373 456 3437 Germaniae
491 3388 609 3456 partem
645 3377 790 3453 obtinent,
828 3378 958 3460 propriis
994 3375 1093 3437 adhuc

158 3474 328 3535 nationibus
351 3477 587 3560 nominibusque
609 3477 742 3553 discreti,
768 3498 944 3561 quanquam
958 3477 989 3538 in
1011 3497 1092 3538 com-

157 3595 248 3637 mune
286 3573 381 3637 Suevi
416 3591 573 3641 vocentur.
635 3578 760 3661 Insigne
803 3578 902 3660 gentis
938 3576 1092 3659 obliquare

155 3677 270 3738 crinem
307 3676 446 3759 nodoque
484 3680 713 3761 substringere:
737 3681 783 3741 sic
813 3678 908 3740 Suevr
937 3699 955 3739 a
984 3679 1092 3741 ceteris
