2514 4154
547 322 716 367 nearcorn.
1062 307 1102 365 ra

159 468 321 553 aliquando
334 482 367 533 et
382 469 485 554 elegit.
532 471 651 534 Consul
673 471 816 554 egregiae
839 483 904 533 tum
927 471 993 550 spei
1008 469 1102 532 filiam

164 572 271 656 juveni
287 572 361 635 milri
375 572 539 653 despondit
561 595 597 635 ac
618 585 688 654 post
704 573 909 636 Consulatum
931 572 1099 647 collocarit,

158 687 188 735 et
203 675 305 737 statim
321 673 495 737 Britanniae
518 675 709 755 praepositus
732 687 789 750 est,
805 675 923 758 adjecto
944 675 1100 755 pontifica-

157 788 207 838 tus
223 775 403 838 sacerdotio.

201 875 243 940 X.
267 876 440 940 Britanniae
456 879 549 940 situm
565 879 767 963 populosque,
783 878 888 941 multis
902 879 1100 959 scriptoribus

158 996 342 1042 memoratos
382 1002 443 1042 non
472 981 503 1042 in
534 982 793 1061 comparationem
829 1001 921 1043 curae
950 981 1101 1064 ingeniive

159 1079 308 1156 referam5
334 1081 388 1143 sed
411 1082 483 1164 quia
505 1096 572 1144 tum
594 1083 729 1166 primum
750 1082 919 1162 perdomita
946 1090 1004 1144 est.
1051 1081 1101 1144 lta

157 1204 238 1263 quae
299 1180 417 1264 priores
471 1180 606 1245 nondum
656 1196 812 1262 comperta
839 1183 1012 1265 eloquentia
1034 1205 1101 1267 por-

156 1282 291 1354 coluere,
315 1304 416 1344 rerum
439 1283 498 1344 lide
522 1283 687 1344 tradentur.
732 1282 898 1358 Britannia,
921 1284 1088 1345 insularum

156 1405 235 1464 quas
252 1383 393 1444 Romana
415 1384 520 1445 notitia
542 1383 766 1462 complectitur,
783 1384 926 1456 maxima,
943 1385 1042 1466 spatio
1065 1404 1100 1445 ac

156 1483 245 1544 coelo
275 1484 306 1544 in
336 1484 484 1544 orientem
514 1481 708 1557 Germaniae,
740 1483 770 1544 in
805 1482 996 1544 occidentem
1025 1483 1099 1545 His·

158 1585 266 1663 paniae
290 1583 480 1644 obtenditur:
506 1583 605 1644 Gallis
628 1585 659 1645 in
681 1583 842 1646 meridiem
863 1584 956 1646 etiarn
978 1585 1098 1665 inspici·

158 1698 226 1746 tur:
257 1685 516 1764 septemtrionalia
539 1684 615 1768 ejas,
639 1685 731 1749 nullis
759 1680 865 1749 contra
892 1688 991 1761 terrie,
1014 1700 1100 1750 vasto

157 1802 249 1870 atque
270 1800 375 1870 aperto
397 1788 472 1850 mari
493 1788 664 1868 pulsantur.
708 1786 853 1851 Formam
874 1789 966 1852 totius
982 1788 1101 1852 Britan·

158 1891 226 1951 niae
265 1887 373 1952 Livius
409 1903 558 1966 veterum,
590 1889 706 1953 Fabius
743 1889 894 1954 Rusticus
931 1892 1100 1953 recentium

156 1991 403 2074 eloquentissimi
425 2005 575 2068 auctores,
593 1992 741 2076 oblongae
756 1993 896 2056 scutulae
912 1993 962 2055 vel
977 1993 1099 2073 bipenni

158 2094 397 2156 assimulavere:
421 2105 452 2156 et
466 2106 514 2156 est
529 2116 565 2155 ea
580 2094 675 2156 iacies
699 2096 773 2156 citra
793 2094 1003 2171 Caledoniam,
1020 2095 1099 2157 unde

157 2209 189 2256 et
204 2196 234 2256 in
249 2196 427 2256 universum
443 2195 525 2257 fama
540 2208 587 2258 est
601 2209 813 2279 transgressa:
837 2196 892 2258 sed
914 2197 1099 2259 immensum

157 2309 190 2357 et
205 2316 328 2356 enorme
349 2296 483 2377 spatium
507 2299 749 2378 procurrentium
765 2310 902 2359 extremo
920 2297 986 2380 jam
1000 2298 1096 2359 littere

158 2411 316 2469 terrarum,
347 2396 431 2457 relat
459 2397 490 2457 in
519 2417 654 2458 cuneum
689 2409 840 2459 tenuatur.
896 2397 988 2460 Hanc
1016 2420 1100 2461 oram

158 2498 317 2560 novissimi
348 2498 440 2559 maris
469 2510 542 2559 tunc
574 2499 706 2576 primum
736 2497 878 2560 Romana
904 2499 1014 2567 elassis
1043 2502 1099 2562 cir-

156 2612 320 2661 cumvoeta
355 2598 487 2660 insulam
524 2619 594 2660 esse
631 2597 820 2661 Britanniam
855 2598 1026 2676 affirmavit,
1063 2621 1099 2664 ac

157 2700 248 2764 simul
274 2700 443 2783 incognitas
462 2698 501 2762 ad
523 2698 553 2762 id
576 2712 697 2780 tempus
719 2700 845 2776 insulas,
860 2722 939 2783 quas
963 2700 1099 2766 Orcadas

159 2815 276 2877 vocant,
300 2802 416 2863 invenit
443 2801 633 2883 domuitque.
677 2799 827 2881 Dispecta
856 2813 904 2864 est
932 2813 963 2864 et
984 2801 1097 2881 Thule,

158 2903 392 2966 uambaetenus
404 2902 576 2988 jussumet
590 2902 689 2964 hiems
718 2903 902 2982 appetebam
931 2903 987 2967 sed
1015 2927 1098 2968 mare

157 3005 278 3087 pigrum
308 3017 339 3066 et
366 3025 458 3086 grave
484 3004 723 3086 remigantibus3
746 3004 906 3084 perhibent
933 3028 971 3068 ne
1000 3010 1098 3071 ventis

157 3105 282 3188 quidem
311 3104 435 3186 perinde
462 3104 575 3167 attolli:
606 3106 707 3181 credo,
734 3106 816 3189 quod
844 3109 972 3171 rariores
1002 3123 1098 3172 terrae

158 3218 348 3288 montesque,
363 3228 459 3269 causa
474 3229 509 3269 ac
525 3208 650 3269 materia
664 3220 890 3288 tempestatum,
905 3222 934 3273 et
949 3209 1097 3294 profunda

159 3306 257 3369 moles
285 3309 421 3370 continui
451 3311 543 3371 maris
573 3309 687 3391 tardius
717 3310 891 3390 impellitur.
947 3311 1096 3374 Naturam

160 3405 277 3469 Oceani
292 3421 383 3490 atque
406 3423 510 3472 aestus
533 3432 632 3492 neque
648 3433 793 3492 quaerere
816 3411 907 3493 hujus
924 3413 1024 3494 operis
1039 3426 1095 3488 est,

159 3528 195 3570 rc
210 3507 299 3571 multi
320 3510 472 3587 retulere,
496 3533 593 3574 unum
614 3511 804 3574 addiderim:
831 3534 984 3594 nusquam
1006 3513 1096 3576 latras

159 3607 307 3672 dominari
335 3629 429 3684 mare,
458 3611 590 3673 multum
618 3611 781 3673 fluminum
809 3611 870 3673 hnc
897 3626 988 3695 atque
1023 3613 1096 3678 illue

159 3706 246 3787 ferre,
270 3731 328 3772 nec
350 3708 449 3772 littore
471 3724 561 3775 tenus
587 3732 763 3774 accrescere
785 3723 838 3774 aut
859 3714 1018 3789 resorberi,
1041 3715 1094 3780 sed
