2514 4154
179 302 216 360 14
508 321 537 359 c.
558 319 655 360 coun.
679 319 790 360 rncrrr

175 464 309 528 defunctr
324 464 466 540 hominis,
478 466 568 527 venia
584 488 661 546 opus
674 466 731 529 fuit
746 487 753 527 :
777 489 943 549 quamnon
957 468 1110 551 petissem,

174 565 391 629 incursaturus
418 579 480 629 tam
504 588 596 629 saeva
612 580 642 630 et
660 551 770 630 infesta
785 569 946 630 virtutibus
968 582 1106 652 tempora

216 667 258 728 Il.
284 666 443 750 Legimus
457 689 529 729 cum
542 668 679 730 Aruleno
691 669 822 732 Rustico
835 669 951 731 Paetus
965 668 1114 746 Thrasea,

174 767 331 830 Herennio
347 768 510 831 Senecioni
533 768 663 832 Priscus
686 770 851 833 Helvidius
873 769 986 833 laudati
1002 783 1115 846 essent,

173 869 301 948 capitale
330 868 449 932 fuisse:
473 893 575 954 neque
604 873 635 934 in
657 873 740 952 ipsos
767 870 858 934 modo
887 883 1037 947 auctores,
1061 871 1115 935 sed

173 970 203 1031 in
226 970 318 1032 libros
338 992 460 1053 quoque
483 992 591 1035 eorum
614 974 774 1047 saevitum,
790 972 931 1055 delegato
951 973 1114 1035 triumviris

173 1071 349 1147 ministerio,
373 1086 408 1134 ut
436 1086 637 1135 monumenta
662 1073 901 1135 clarissimorum
924 1074 1114 1156 ingeniorum

175 1173 203 1233 in
218 1173 341 1235 comitio
356 1195 392 1235 ac
408 1172 473 1235 foro
495 1187 666 1236 urerentur.
712 1173 838 1236 Scilicet
853 1172 906 1235 illo
921 1174 991 1256 igne
1006 1195 1114 1235 vocem

172 1274 277 1358 populi
293 1273 426 1336 Romani
448 1290 480 1338 et
501 1276 672 1339 libertatem
695 1287 819 1353 senatus
842 1287 873 1337 et
895 1274 1114 1336 conscientiam

173 1377 293 1459 generis
308 1375 434 1438 humani
457 1377 571 1439 aboleri
586 1376 817 1452 arbitrabantur,
831 1376 968 1457 expulsis
991 1376 1114 1455 insuper

173 1478 339 1562 sapientiae
375 1478 600 1563 professoribus
628 1491 720 1565 atque
757 1480 840 1543 omni
876 1479 956 1540 bona
991 1490 1054 1540 arte
1084 1478 1114 1540 in

172 1581 298 1642 exilium
326 1592 404 1654 acta,
427 1602 466 1642 ne
489 1580 563 1663 quid
584 1602 717 1663 usquam
745 1582 909 1644 honestum
931 1592 1113 1643 occurreret.

172 1679 324 1761 Dedimus
345 1680 483 1759 profecto
505 1681 619 1762 grande
641 1682 803 1760 patientiae
819 1682 1060 1743 documentum:
1085 1693 1114 1742 et

172 1780 251 1842 sicut
265 1792 353 1841 vetus
369 1792 453 1842 aetas
468 1780 552 1854 vidit,
569 1779 642 1862 quid
662 1780 806 1843 ultimum
821 1781 853 1842 in
867 1780 1006 1843 libertate
1022 1792 1113 1850 esset,

171 1880 212 1942 ita
226 1902 292 1959 nos
308 1881 382 1964 quid
396 1881 428 1943 in
443 1881 599 1956 servitute,
616 1879 758 1960 adempto
779 1902 835 1960 per
856 1881 1068 1962 inquisitiones
1084 1893 1113 1942 et

171 1980 314 2064 loquendi
330 1981 534 2064 audiendique
553 1981 748 2042 commercio.
792 1979 975 2043 Memoriam
991 2003 1113 2063 quoque

171 2083 270 2163 ipsam
285 2104 357 2145 cum
372 2103 448 2145 voce
462 2081 713 2163 perdidissemus
731 2082 756 2144 si
772 2094 835 2144 tam
850 2082 881 2144 in
895 2094 998 2144 nostra
1012 2095 1113 2167 potes·
1191 2100 1194 2106 “

172 2196 232 2246 tate
247 2196 330 2246 esset
345 2184 493 2259 oblivisci,
509 2204 602 2266 quam
618 2173 730 2246 tacere.

213 2284 275 2348 III.
304 2284 398 2356 Nunc
426 2285 553 2348 demum
587 2284 666 2348 redit
698 2287 841 2348 animus:
880 2297 910 2347 et
939 2307 1112 2369 quanquam

172 2388 269 2468 primo
284 2388 386 2450 statim
400 2387 571 2450 beatissimi
594 2386 711 2451 saeculi
727 2400 794 2450 ortu
809 2387 914 2450 Nerva
933 2372 1113 2450 Caesaries

172 2488 243 2552 olim
265 2488 477 2553 dissociabiles
502 2489 669 2564 miscuerit,
696 2490 901 2573 principatum
927 2510 964 2550 ac
992 2489 1113 2552 libertu-
1206 2502 1212 2513 ⁴

171 2603 245 2666 tem,
273 2603 445 2675 augeatque
482 2590 617 2673 quotidie
646 2588 825 2652 felicitatem
860 2590 980 2672 imperii
1009 2588 1111 2652 Nerva

81 2718 88 2729 ·
171 2690 334 2774 Trajanus,
349 2713 408 2753 nec
423 2712 511 2770 spem
532 2690 623 2752 modo
638 2711 674 2752 ac
688 2703 796 2752 votum
816 2690 964 2751 securitas
978 2689 1111 2768 publica,

171 2791 226 2852 sed
247 2791 345 2870 ipsius
359 2791 422 2854 voti
436 2790 582 2853 fiduciam
596 2811 633 2852 ac
647 2790 740 2852 robur
761 2788 982 2870 assumpserim
1005 2790 1112 2852 natura

171 2902 273 2952 tamen
300 2889 481 2953 infirmitatis
513 2891 665 2954 humanae
693 2890 824 2953 tardiora
860 2900 931 2952 sunt
965 2890 1110 2967 remedia,
1186 2923 1193 2934 ·

170 3011 262 3073 quam
275 2989 372 3072 mala;
388 2999 428 3071 et,
441 3001 478 3056 ut
488 3014 616 3076 corpora
624 3001 733 3056 nostra
742 2993 828 3057 lente
841 3003 1022 3074 augescunt,
1051 2991 1111 3053 cito

171 3091 414 3173 exstinguuntur,
438 3093 484 3154 sic
506 3092 628 3175 ingenia
650 3091 812 3176 studiaque
835 3093 1022 3172 oppresseris
1037 3092 1111 3165 faci·

170 3191 239 3267 lius,
265 3213 358 3273 quam
385 3194 586 3255 revocaveris.
631 3191 723 3256 Subit
751 3194 863 3276 quippe
892 3193 983 3255 etiarn
1014 3195 1110 3275 ipsius

171 3294 296 3356 inertiae
320 3293 470 3355 dulcedo:
502 3306 533 3356 et
562 3295 659 3357 invisa
687 3296 786 3380 primo
812 3292 930 3356 desidia
958 3311 1111 3375 postremo
1190 3347 1193 3352 .

171 3408 299 3456 amatur.
343 3392 435 3477 Quid,
462 3391 491 3456 si
516 3416 571 3475 per
588 3395 765 3478 quindecim
779 3417 884 3468 annos,
903 3395 1017 3478 grande
1033 3418 1109 3458 mor-

171 3495 239 3558 talis
254 3497 321 3560 aevi
344 3498 487 3577 spatium,
504 3496 594 3559 multi
609 3496 740 3559 fortuitis
764 3496 889 3558 casibus
921 3498 1110 3577 promptissi-

171 3616 240 3659 mus
256 3598 387 3680 quisque
403 3594 531 3660 saevitia
551 3599 696 3679 principis
720 3596 956 3662 interciderunt?
1000 3598 1108 3673 Pauci,

172 3712 210 3770 et,
226 3710 259 3760 ut
274 3699 316 3761 ita
330 3698 469 3776 dixerim,
485 3721 546 3762 non
567 3699 658 3762 modo
680 3699 819 3772 aliorum,
837 3698 890 3761 scd
906 3700 998 3761 etiam
1017 3711 1100 3761 nostr
