2514 4154
546 346 588 390 na
612 351 790 397 canutum
1104 342 1140 399 19

204 489 324 566 vilitate,
340 512 433 574 quam
448 512 527 573 quae
542 488 637 554 humo
652 489 825 574 finguntur·
852 512 1029 574 quanquam
1050 513 1139 572 prox·

203 591 263 666 imi,
284 592 322 653 ob
346 612 438 653 usum
460 591 725 666 commerciorum,
741 612 852 654 aurum
874 601 905 653 et
925 603 1086 673 argentum
1108 593 1139 655 in

201 692 297 775 pretio
322 688 443 766 habent,
470 689 647 773 formasque
672 689 822 773 quasdam
843 703 963 753 nostrae
989 693 1139 772 pecuniae

200 803 370 875 agnoscunt
406 803 507 875 atque¹
532 791 673 874 eligunt:
708 792 866 854 interiores
903 792 1074 873 simplicius
1109 811 1138 856 et

199 893 354 976 antiquius
369 893 591 973 permutatione
612 893 765 956 mercium
787 905 923 956 utuntur.
967 892 1137 957 Pecuniam

198 993 326 1058 orobant
350 1006 487 1057 veterem
513 1005 544 1056 et
566 992 620 1056 diu
646 1006 759 1070 notam,
787 1008 918 1056 serratos
943 993 1136 1078 bigatosque.

201 1095 371 1178 Argentum
408 1117 541 1179 quoque,
568 1095 668 1178 magis
698 1117 791 1178 quam
820 1117 929 1159 aurum
958 1111 1137 1179 sequuntur,

197 1197 280 1260 nulla
296 1197 457 1261 affectione
474 1198 578 1274 animi,
595 1196 651 1259 sed
666 1219 739 1280 quia
755 1219 902 1260 numerus
924 1211 1137 1281 argenteorum

187 1296 314 1362 ‘facilior
326 1300 397 1362 usui
413 1312 460 1362 est
474 1300 649 1380 promiscua
664 1319 700 1361 ac
715 1298 787 1361 vilia
801 1298 1017 1363 mercantibus.

239 1399 296 1463 VI.
318 1399 370 1462 Ne
396 1401 511 1463 serrum
534 1399 660 1481 quidem
684 1411 834 1485 superest,
861 1399 942 1461 sicut
964 1420 1002 1461 ex
1023 1421 1136 1482 genere

197 1500 329 1563 telorum
344 1500 507 1583 colligitur.
552 1498 628 1562 Rari
643 1498 753 1582 gladiis
768 1511 822 1561 aut
835 1498 1000 1583 majoribus
1023 1500 1137 1564 lanceis

198 1612 346 1665 utuntur:
376 1600 489 1676 hastas,
514 1601 563 1663 vel
587 1602 724 1681 ipsorum
748 1600 898 1663 vocabulo
927 1600 1060 1664 frameas
1084 1625 1138 1687 ge·

197 1714 275 1777 runt,
292 1717 424 1786 angusto
449 1713 479 1764 ct
499 1702 584 1766 brevi
608 1701 687 1764 ferro
710 1700 765 1764 scd
791 1702 832 1764 ita
855 1703 917 1774 acri
933 1714 963 1765 et
984 1702 1023 1766 ad
1044 1725 1138 1768 usum

197 1803 300 1880 habili,
318 1817 354 1867 ut
375 1803 485 1867 eodem
507 1804 578 1880 telo,
593 1816 683 1885 prout
703 1804 781 1866 ratio
803 1805 912 1889 poscit,
927 1804 976 1867 vol
996 1807 1136 1869 cominus

195 1906 244 1968 vel
274 1906 395 1969 eminus
423 1917 586 1989 pugnent:
622 1918 652 1968 et
681 1927 777 1988 eques
807 1905 933 1988 quidem
962 1918 1049 1969 scuto
1078 1907 1136 1970 fra-

196 2028 326 2091 meaque
352 2019 513 2071 contentus
540 2018 609 2069 est:
633 2007 752 2087 pedites
775 2019 806 2069 et
826 2007 956 2070 missilia
979 2022 1135 2092 spargunt,

195 2108 283 2189 plura
308 2108 430 2192 singuli,
458 2120 549 2191 atque
573 2108 605 2172 in
628 2108 814 2171 immensum
836 2109 964 2184 vibrant,
987 2110 1061 2172 nudi
1084 2122 1136 2173 aut

196 2209 305 2293 sagulo
330 2208 425 2271 lovea.
470 2207 566 2271 Nulla
600 2208 702 2271 cultus
724 2209 871 2293 jactati03
904 2223 992 2273 scuta
1017 2223 1134 2274 tantum

196 2309 373 2372 lectissimis
391 2309 545 2370 coloribus
567 2308 778 2392 distinguunt:
801 2311 909 2391 paucis
932 2312 1061 2375 loricae:
1084 2314 1135 2376 vix

196 2411 248 2472 uni
273 2408 398 2471 alterive
421 2408 519 2470 cassis
541 2420 595 2470 aut
615 2408 715 2491 galea.
759 2407 843 2492 Equi
865 2433 923 2472 non
946 2410 1052 2487 forma,
1075 2435 1134 2475 non

196 2509 357 2573 velocitate
373 2508 555 2593 conspicui:
579 2509 635 2572 sed
649 2531 708 2572 nec
722 2510 838 2572 variare
859 2532 950 2594 gyros
966 2513 996 2574 in
1018 2534 1135 2577 morem

196 2623 334 2673 nostrum
348 2609 507 2673 docentur.
551 2609 588 2674 In
603 2621 732 2686 rectum,
749 2622 802 2672 aut
825 2631 887 2672 uno
909 2610 991 2676 flexu
1014 2611 1134 2675 dextros

195 2724 290 2796 agunt
312 2712 355 2775 ita
379 2709 543 2795 conjuncto
565 2712 648 2787 orbe,
663 2723 699 2774 ut
721 2733 813 2773 nemo
834 2711 983 2792 posterior
1005 2713 1053 2777 sit.
1097 2714 1133 2778 ln

196 2813 375 2876 universum
400 2811 583 2888 aestimanti,
607 2812 678 2893 plus
707 2832 803 2895 penes
831 2811 967 2893 peditem
994 2814 1132 2878 roboris:

196 2935 295 2997 eoque
309 2912 398 2976 mixti
416 2912 610 2993 proeliantur,
626 2924 697 2994 apta
719 2925 750 2975 et
764 2927 948 2998 congruente
971 2916 1009 2979 ad
1025 2939 1134 3000 eques-

197 3027 273 3078 trem
287 3035 424 3098 pugnam
438 3013 598 3077 velocitate
613 3014 762 3096 peditum,
779 3037 856 3098 quos
872 3037 910 3078 ex
925 3018 1007 3080 omni
1025 3018 1134 3102 juven·

152 3140 159 3159 =
197 3128 260 3178 tute
275 3116 412 3179 delectos
434 3126 504 3177 antc
526 3115 625 3178 aciem
646 3115 756 3179 locant.
800 3116 953 3180 Definitur
975 3131 1005 3180 et
1026 3141 1134 3181 nume·

197 3237 269 3279 rus:
300 3216 420 3280 centeni
450 3237 489 3278 ex
517 3216 647 3300 siugulis
675 3218 763 3299 pagis
793 3231 887 3280 sunt:
918 3218 1009 3300 idque
1032 3220 1133 3299 ipsum

198 3320 274 3378 inter
288 3338 361 3379 suos
376 3329 542 3394 vocantur3
567 3329 598 3379 et
611 3318 693 3400 quod
707 3319 806 3398 primo
827 3340 975 3381 numerus
990 3319 1056 3392 suit,
1069 3318 1132 3401 jam

198 3438 308 3480 nomen
333 3430 364 3481 et
383 3417 478 3480 honor
501 3432 558 3482 est.
602 3420 696 3481 Acies
718 3440 774 3503 per
795 3441 910 3482 cuneos
932 3420 1125 3496 componitur

198 3516 318 3591 Cedere
339 3516 417 3593 loco,
440 3517 607 3581 dummodo
628 3541 734 3581 rursus
763 3519 868 3593 instes,
899 3516 1018 3579 consilii
1041 3540 1133 3600 quam

198 3617 365 3682 formidinis
400 3617 590 3681 arbitrantur.
636 3619 774 3702 Corpora
811 3637 938 3680 suorum
974 3616 1067 3683 etiam
1103 3624 1132 3686 in

201 3717 297 3781 lubiis
323 3717 446 3799 procliis
475 3718 620 3780 referunt.
680 3718 812 3779 Scotum
847 3716 1019 3799 reliquisse,
1049 3741 1132 3800 prae-
