2514 4154
158 320 195 378 tt
486 336 516 376 c.
537 334 632 378 coan.
656 333 766 376 ricrrr

157 484 316 545 ¹asciviret.
361 479 538 544 Trebellius
560 481 635 565 fuga
657 503 693 544 ac
718 482 842 544 latebris
865 492 958 544 vnata
980 500 1080 543 exerct

156 596 204 646 tus
245 584 298 658 ira,
339 583 502 645 indecorus
542 596 633 666 atque
672 582 807 657 humilis
847 583 985 663 precario
1024 603 1092 644 mot

155 682 306 767 praefuit:
344 705 380 745 ac
407 684 493 746 velut
527 685 619 768 pacti,
649 685 800 746 exercitus
839 684 1003 758 licentiam,
1032 682 1093 745 dux

155 782 305 861 salutem;
330 797 361 847 et
376 784 485 846 seditio
499 785 565 846 sine
585 785 732 867 sanguine
750 785 842 846 stetit.
887 783 957 846 Nec
974 783 1093 845 Vettius

156 883 301 959 Bolanus,
329 885 524 947 manentibus
546 884 647 947 adhuc
673 885 815 947 civilibus
843 884 943 960 bellis,
971 884 1093 967 agitavit

156 985 343 1049 Britanniam
372 987 558 1068 disciplina:
600 986 708 1049 eadem
744 984 851 1048 iner'tia
879 1007 952 1068 erga
979 986 1093 1059 hostes,

156 1086 264 1149 similis
300 1087 468 1167 petulantia
503 1099 698 1150 castrorum:
736 1087 795 1149 nisi
831 1086 913 1168 quod
949 1087 1093 1148 innocens

155 1186 292 1250 Bolanus
316 1201 347 1251 et
368 1189 460 1252 nullis
475 1188 595 1251 delictis
617 1189 745 1263 invisus,
759 1188 916 1250 caritatem
939 1199 1094 1267 paraverat

156 1289 223 1350 loco
238 1291 437 1353 auctoritatis.

197 1389 304 1453 XVII.
329 1391 402 1467 Sed,
426 1391 479 1454 ubi
501 1414 574 1454 cum
603 1405 704 1454 cetero
730 1391 802 1453 orbe
825 1388 1035 1471 Vespasianus
1065 1401 1094 1450 ct

156 1489 343 1555 Britanniam
355 1494 554 1574 recuperavit,
581 1494 684 1577 magni
706 1493 812 1567 duces,
836 1492 951 1575 egregii
981 1492 1094 1552 exerei-

156 1605 216 1668 tus,
232 1595 350 1656 minuta
372 1593 505 1656 hostiurn
522 1616 605 1678 spes.
649 1594 692 1657 Et
706 1607 851 1657 terrorem
874 1594 974 1656 statim
996 1592 1095 1655 intulit

156 1692 286 1756 Petilius
312 1694 454 1770 Cerialis,
485 1694 665 1776 Brigantum
690 1697 854 1771 civitatem,
885 1715 963 1776 quae
989 1715 1095 1756 nume·

156 1796 311 1858 rosissima
350 1797 523 1875 provinciae
565 1797 658 1857 totius
697 1796 882 1875 perhibetur,
919 1815 1094 1876 aggressus.

157 1895 256 1959 Multa
277 1896 401 1979 proelia,
418 1909 449 1958 et
463 1894 626 1977 aliquando
647 1917 708 1957 non
730 1897 909 1958 incruenta·
937 1915 1094 1975 magnam·

156 2018 215 2078 que
244 1995 425 2079 Brigantum
460 2008 577 2076 partem
591 2004 645 2058 aut
659 1993 790 2058 victoria
804 1995 964 2078 amplexus
981 2001 1029 2056 est
1044 2006 1094 2056 ant

157 2097 246 2160 bello.
290 2097 342 2172 Et,
359 2118 431 2160 cum
457 2097 587 2160 Cerialis
609 2097 734 2180 quidem
758 2094 883 2158 alterius
906 2097 1094 2157 successoris

158 2221 262 2261 curam
284 2198 459 2282 famamque
482 2198 643 2275 obruisset,
668 2199 812 2260 sustinuit
833 2219 955 2281 quoque
982 2198 1093 2261 molem

156 2301 259 2364 Julius
281 2299 455 2378 Frontinus,
478 2301 524 2364 vir
549 2321 679 2384 magnus
702 2313 850 2384 quantum
878 2300 999 2376 licebat,
1022 2299 1082 2362 vali

155 2404 287 2486 dumque
304 2415 334 2466 et
348 2425 522 2487 pugnacem
545 2403 682 2465 Silurum
705 2415 829 2487 gentem
851 2402 943 2465 armis
963 2402 1094 2485 subegit,

156 2528 249 2587 sus-er
269 2507 413 2568 virtutem
435 2505 580 2580 hostium,
596 2505 731 2566 locorum
755 2526 878 2587 quoqne
900 2503 1094 2566 difficultates

156 2607 317 2670 eluctatus.

198 2707 322 2770 XVIII.
360 2707 455 2770 Hunc
492 2707 665 2771 Britanniae
703 2719 825 2779 statum,
855 2705 910 2766 has
946 2705 1095 2766 bellorum

157 2809 240 2869 vices
255 2807 356 2868 media
374 2807 438 2891 jam
453 2821 569 2871 aestate
588 2821 797 2890 transgressus
813 2805 957 2888 Agricola
972 2805 1094 2877 invenit,

157 2929 229 2969 cum
244 2920 275 2970 et
289 2908 413 2984 militeS,
428 2909 514 2972 velut
536 2909 650 2971 omissa
672 2907 874 2988 expeditione,
890 2905 929 2968 ad
952 2907 1095 2967 securita-

158 3022 229 3081 tem,
247 3020 277 3069 et
292 3007 396 3071 hostes
411 3008 450 3071 ad
465 3011 660 3073 occasionem
674 3021 870 3071 verterentur.
909 3006 1096 3069 Ordovicum

123 3144 128 3151 ·
158 3109 275 3183 civitas,
306 3107 388 3170 haud
417 3111 514 3172 multo
543 3123 612 3172 ante
646 3109 811 3172 adventum
839 3109 915 3192 ejuS,
946 3107 1036 3182 alam,
1066 3107 1096 3169 in

160 3210 270 3272 finibus
301 3210 365 3272 suis
396 3224 548 3293 agentem,
578 3232 672 3295 prope
708 3211 883 3272 universam
912 3209 1095 3272 obtriverat.

162 3332 257 3394 eoque
286 3313 372 3374 initio
409 3324 510 3374 erecta
545 3314 725 3393 provincia:
764 3325 803 3388 et,
833 3311 945 3395 quibus
981 3311 1096 3374 bellum

161 3413 329 3476 volentious
353 3425 425 3489 crat,
442 3414 567 3494 probare
591 3410 776 3494 e'xemplum,
793 3434 829 3475 ac
851 3413 982 3476 recentis
1005 3412 1096 3496 legati

158 3516 294 3578 animum
324 3516 462 3598 opperiri,
506 3535 576 3579 oum
615 3514 768 3598 Agricola,
798 3536 974 3598 quanquam
1002 3525 1084 3576 trans

160 3629 245 3678 vecta
257 3630 368 3692 aestas,
382 3617 479 3701 sparsi
494 3639 548 3698 per
559 3617 747 3698 provinciam
762 3617 892 3693 numeri,
902 3626 1096 3700 praesumpta

160 3717 240 3791 antid
275 3718 404 3781 militem
434 3719 515 3782 illius
551 3719 622 3782 anni
651 3721 749 3802 quies.
779 3719 865 3783 tarda
893 3730 924 3780 et
952 3714 1094 3779 contraria
