2514 4154
542 343 713 388 ionicum.
1058 330 1093 388 bl

158 507 187 558 et
208 515 268 557 nox
289 493 371 559 clara
400 508 430 557 et
455 507 591 556 extrema
613 492 789 557 Britanniae
818 507 903 575 parte
932 493 1043 570 brevis,
1067 507 1097 557 ιιι

121 622 126 641 «
157 597 249 659 linem
264 609 356 679 atque
382 596 503 659 initium
529 595 609 659 lucis
625 596 736 680 exiguo
751 596 927 660 discrimine
953 596 1100 658 internos·

159 720 221 761 aas.
266 697 358 771 Quod
375 699 401 760 si
416 697 515 760 nubes
537 719 598 760 non
624 697 767 773 officiant,
784 699 881 783 aspici
903 720 958 779 per
980 712 1099 760 noctem
1136 720 1202 748 ⁴¹-

158 800 232 862 solis
246 798 408 882 fulgorem,
422 820 481 862 nec
504 799 645 862 occidere
661 813 691 863 et
705 821 880 884 exsurgere,
897 799 952 864 sed
972 798 1101 863 transire

159 901 320 963 affirmant.
366 899 494 964 Scilicet
516 914 652 965 extrema
666 914 697 964 et
710 901 801 986 plana
820 914 978 978 terrarum,
993 900 1101 964 humili

158 1004 277 1078 umbra,
309 1024 370 1064 non
406 1005 528 1088 erigunt
563 1005 715 1079 tenebrae,
745 1003 884 1088 infraque
921 1004 1044 1067 coelum
1072 1016 1103 1067 et

158 1098 341 1199 sideran'ox
356 1105 446 1169 cadit.
493 1105 612 1181 Solum,
636 1119 756 1186 praeter
779 1107 878 1170 oleam
892 1107 1049 1189 vitemque
1073 1116 1103 1168 et

159 1219 260 1268 cetera
283 1205 480 1268 calidioribus
503 1207 591 1269 terris
615 1207 683 1269 oriri
710 1219 807 1282 sueta,
826 1209 945 1288 patiens
967 1208 1103 1291 frugum,

160 1307 326 1370 fecundum
382 1307 486 1371 Tarde
501 1310 677 1384 mitescunt,
694 1310 756 1370 cito
769 1310 970 1389 proven'unt:
995 1308 1104 1372 eadem

160 1411 319 1493 utriusque
341 1410 386 1471 rei
408 1431 512 1484 causa,
528 1409 645 1472 multus
662 1410 772 1471 humor
791 1422 938 1472 terrarum
953 1410 1093 1492 coelique

163 1510 233 1573 Fert
247 1510 404 1572 Britannia
425 1533 534 1572 aurum
550 1524 580 1572 et
595 1524 755 1593 argentum
771 1524 801 1574 et
816 1511 876 1573 alia
890 1509 1023 1586 metalla,
1038 1531 1105 1591 pre·

160 1614 237 1675 tium
265 1612 430 1675 victoriae:
466 1613 564 1696 gignit
593 1626 624 1675 et
660 1613 805 1675 Oceanus
841 1613 1013 1696 margarita,
1051 1611 1104 1675 sed

160 1714 309 1776 subfusca
330 1734 367 1775 ac
389 1713 523 1776 liventia.
567 1713 703 1787 Quidam
726 1727 822 1777 artem
846 1714 956 1777 abesse
978 1713 1105 1797 legenti·

160 1817 218 1878 bus
241 1816 442 1878 arbitrantur:
466 1837 536 1880 riam
560 1817 704 1880 inRubro
726 1817 803 1880 mari
817 1818 887 1879 viva
908 1837 946 1890 ac
961 1815 1105 1897 spirantia

161 1920 242 1981 saxis
265 1918 365 1994 avelli,
389 1919 420 1980 in
443 1917 609 1995 Britannia,
625 1931 715 2000 prout
738 1919 866 2000 expulsa
889 1919 959 1993 sint,
981 1917 1104 2001 colligi:

161 2041 219 2104 ego
247 2020 369 2083 facilius
399 2019 581 2083 crediderim
613 2035 753 2082 naturam
781 2021 953 2105 margaritis
983 2019 1104 2095 deesse,
1172 2017 1178 2027 '

161 2143 254 2204 quam
268 2122 356 2183 nobis
372 2123 540 2184 avaritiam.
822 2109 826 2119 ’

204 2221 298 2284 ΧΙΙΙ.
321 2221 387 2304 lpsi
410 2220 548 2284 Britanni
563 2221 718 2285 delectum
740 2244 775 2284 ae
797 2224 910 2285 tributa
925 2235 956 2285 et
970 2222 1114 2307 injuncta

161 2323 281 2404 1mperii
297 2343 425 2384 munera
440 2323 569 2405 impigre
585 2323 709 2399 obeunt,
726 2325 752 2387 si
769 2323 894 2406 injuriae
911 2323 1026 2386 absint:
1049 2323 1105 2385 has

162 2444 253 2506 aegre
282 2422 421 2496 tolerant,
452 2421 516 2505 jam
546 2421 652 2484 domiti
680 2436 715 2486 ut
744 2436 878 2504 parcant,
908 2422 1043 2486 nondum
1071 2437 1106 2486 ut

163 2525 304 2587 serviant.
349 2523 448 2607 Igitur
469 2525 588 2607 primus
614 2526 751 2586 omnium
782 2524 994 2587 Romanorum
1016 2525 1106 2588 divus

162 2625 265 2690 Julius
288 2648 362 2725 cum
383 2626 519 2689 exercitu
535 2625 722 2690 Britanniam
746 2627 913 2710 ingressus
930 2647 1106 2709 quanquam

161 2750 305 2810 prospera
327 2749 430 2812 pugna
452 2729 593 2791 terruerit
614 2728 729 2791 incolas
745 2749 782 2790 ac
797 2728 896 2790 littore
918 2728 1033 2809 potitus
1056 2729 1104 2803 sit,

162 2843 263 2915 potest
277 2830 372 2892 videri
389 2830 560 2893 ostendisse
581 2831 723 2911 posteris,
738 2851 799 2892 non
814 2829 986 2893 tradidisse.
1031 2829 1106 2893 Mor

163 2932 243 2995 ltalia
264 2931 367 2995 civilia
381 2946 412 2994 et
427 2933 457 2994 in
479 2931 702 3016 rempublicam
718 2954 807 2994 versa
824 2932 996 3013 principum
1011 2954 1104 3008 arma,

163 3055 199 3096 ac
213 3034 305 3118 longa
327 3033 441 3096 oblivio
459 3032 635 3096 Britanniae
650 3035 743 3096 etiam
754 3035 789 3115 in
802 3055 890 3114 pace.
933 3033 1104 3097 Consilium

124 3154 128 3159 ·
163 3135 194 3197 id
222 3135 312 3198 divus
341 3138 504 3219 Augustus
540 3136 679 3210 vocabat,
709 3134 856 3198 Tiberius
896 3148 1105 3221 praeceptum.

166 3237 308 3319 Agitasse
339 3236 378 3300 C.
410 3237 577 3301 Caesarem
606 3237 645 3300 de
674 3236 812 3300 intranda
841 3236 997 3300 Britannia
1033 3237 1106 3298 satis

164 3349 292 3410 constat,
323 3339 354 3399 ni
382 3338 473 3401 velox
508 3339 641 3422 ingenio,
675 3339 797 3402 mobilis
833 3338 1046 3418 poenitentiae,
1077 3349 1106 3399 et

166 3439 304 3518 ingentes
320 3438 466 3501 adversus
483 3437 682 3502 Germaniam
698 3453 825 3502 conatus
840 3438 951 3501 frustra
966 3437 1106 3500 fuissent.

168 3534 265 3598 Divus
290 3536 440 3601 Claudius
463 3552 568 3603 auctor
593 3541 704 3624 operio,
727 3541 908 3603 transvectis
934 3536 1107 3620 legion'ibur
1147 3529 1150 3535 ’

165 3636 350 3724 arixiliisquc
373 3651 404 3700 et
425 3653 585 3722 assumpto
600 3642 630 3703 in
645 3653 763 3723 partem
778 3661 881 3702 rerum
895 3637 1105 3723 Vespasiano:
