2514 4154
557 341 725 383 ncmconn.

179 487 307 571 jugum:
339 500 369 550 et
390 487 526 564 flumine,
556 511 616 550 non
640 488 775 562 Oceano,
799 487 938 550 defendi:
975 489 1033 552 sibi
1061 511 1110 571 pa·

177 590 271 664 triam,
295 589 452 673 conjuges
475 602 625 670 parentes,
639 590 709 652 illis
732 592 888 652 avaritiam
910 602 941 654 et
962 590 1113 655 luxuriam

175 709 283 752 causas
319 691 391 753 belli
429 712 508 752 esse.
573 691 777 767 RecessumS,
815 704 850 754 ut
884 692 974 754 divus
1010 690 1112 755 Julius

142 810 146 817 ·
173 791 364 864 recessisset,
386 791 477 853 modo
498 792 626 854 virtutes
654 791 803 874 majorum
830 812 957 854 suorum
978 793 1113 855 ae'mula·

173 903 284 952 rentur.
330 891 418 953 Neve
433 892 539 972 proelii
555 893 646 954 unius
662 905 714 954 aut
731 893 855 954 alterius
871 905 982 954 eventu
1005 914 1113 972 paves·

173 1009 296 1054 cerem:
335 993 405 1076 plus
434 994 575 1077 impetus,
595 994 741 1077 majorem
774 995 985 1068 constantiam,
1016 1015 1112 1074 penes

173 1095 301 1156 miseros
317 1117 397 1157 esse.
442 1093 513 1156 Jam
528 1094 742 1177 Britannorum
759 1097 851 1158 etiam
866 1095 940 1157 deos
964 1095 1111 1170 misereri,

172 1195 224 1276 qui
241 1194 414 1258 Romanum
430 1196 542 1258 ducem
564 1197 731 1270 absentem,
748 1198 801 1278 qui
823 1196 991 1278 relegatum
1008 1197 1036 1257 in
1053 1196 1111 1258 alia

172 1296 270 1358 insula
286 1298 453 1359 exercitum
468 1297 655 1358 detinerent:
676 1297 741 1379 jam
764 1298 856 1378 ipsos,
873 1296 955 1378 quod
970 1296 1112 1358 difficilli-

173 1418 257 1458 mum
284 1397 384 1471 suerit,
411 1397 599 1459 deliberare:
628 1418 717 1475 porro
741 1398 771 1457 in
798 1396 948 1478 ejusmodi
976 1396 1111 1458 consiliis

172 1497 373 1575 periculosius
390 1518 458 1558 esse
474 1495 669 1576 deprehendi,
686 1518 777 1578 quam
794 1496 917 1558 audere.

214 1596 303 1659 XVI.
327 1597 387 1658 His
403 1611 494 1679 atquo
513 1596 624 1659 talibus
641 1598 772 1659 invicem
787 1598 929 1672 instincti,
946 1597 1110 1673 Boudicca,

171 1699 291 1780 generis
319 1699 394 1780 regii
424 1698 547 1773 femina,
577 1699 656 1761 duce
686 1699 800 1782 (neque
830 1699 911 1762 enim
942 1722 1050 1762 sexum
1080 1701 1110 1762 in

171 1801 308 1880 imperiis
338 1800 527 1880 discernunt)
550 1822 709 1880 sumpsere
738 1802 873 1863 universi
902 1802 1043 1864 bellum:
1074 1823 1110 1863 ae

172 1923 292 1983 sparsos
329 1923 383 1982 per
419 1902 544 1964 castella
579 1902 692 1965 milites
722 1903 898 1977 consectati,
929 1904 1110 1985 expugnatis

171 2002 340 2084 praesidiis
364 2003 462 2082 ipsam
485 2003 635 2065 coloniam
659 2005 807 2078 invasere,
832 2017 866 2068 ut
888 2004 994 2066 sedem
1017 2006 1112 2087 servi·¹

171 2105 264 2166 tutis:
288 2126 345 2166 nec
372 2105 471 2167 ullum
496 2106 528 2167 in
555 2105 689 2167 barbaris
713 2107 857 2168 saevitiae
879 2127 978 2188 genus
1008 2108 1108 2168 omisit

171 2204 214 2264 ira
237 2217 267 2264 et
289 2206 424 2267 victoria.
469 2205 562 2277 Quod
584 2207 643 2268 nisi
665 2206 838 2281 PaullinuS,
855 2209 976 2289 cognito
992 2209 1109 2290 provin-

171 2305 237 2365 ciae
273 2317 368 2378 motu,
405 2326 532 2387 propere
570 2307 772 2380 subvenisset,
805 2309 919 2391 amissa
956 2307 1109 2368 Britannia

170 2403 269 2466 foret:
299 2427 392 2486 quam
420 2407 512 2466 unius
540 2407 647 2486 proelii
676 2405 796 2468 fortuna
823 2409 919 2469 veteri
946 2410 1109 2487 patientiae

170 2506 310 2579 restituit,
327 2505 500 2568 tenentibus
523 2528 607 2568 arma
632 2506 795 2588 plerisque,
820 2527 897 2588 quos
924 2509 1109 2569 conscientia

175 2599 353 2664 defectionis
380 2607 411 2662 et
435 2598 560 2682 propius
590 2619 629 2662 ex
651 2598 755 2683 legato
778 2597 870 2662 timor
895 2597 1044 2683 agitabat,
1061 2621 1108 2680 ne,

171 2720 348 2785 quanquam
360 2696 504 2782 egregius
517 2705 628 2777 cetera,
645 2704 825 2779 arroganter
836 2695 869 2759 in
884 2695 1003 2760 deditos
1019 2706 1059 2778 et,
1075 2709 1109 2760 ut
1170 2720 1173 2724 ’

171 2818 246 2860 suae
261 2818 380 2881 quoque
395 2795 528 2880 injuriae
538 2796 628 2875 ultor,
645 2793 751 2857 durius
763 2794 944 2857 consuleret.
988 2793 1108 2860 Missus

170 2895 267 2979 igitur
282 2893 445 2957 Petronius
461 2893 670 2975 Turpilianus,
686 2900 835 2977 tanquam
851 2892 1051 2957 exorabilior:
1076 2905 1107 2958 et

171 2993 291 3055 delictis
306 2992 440 3055 hostium
455 3012 561 3069 novus,
575 3011 670 3073 eoque
684 2989 891 3073 poenitentiae
901 2991 1014 3073 mitior,
1030 3014 1107 3056 com·

169 3091 277 3172 positis
301 3090 464 3174 prioribus,
486 3088 564 3150 nihil
578 3088 661 3150 ultra
676 3108 779 3169 ausus,
796 3088 950 3153 Trebellio
970 3089 1107 3155 Maximo
1138 3151 1143 3157 .

169 3189 355 3270 provinciam
364 3187 503 3252 tradidit.
547 3186 720 3250 Trebellius
737 3187 869 3271 segnior,
885 3197 917 3251 et
931 3189 1026 3252 nullis
1042 3211 1106 3253 eas·

169 3295 286 3349 trorum
301 3285 526 3369 experimentis,
543 3284 685 3348 comitate
700 3285 833 3369 quadam
845 3286 974 3348 curandi
988 3275 1104 3367 provin·

169 3384 247 3446 ciam
268 3385 376 3446 tenuit.
420 3384 565 3448 Didicere
582 3385 650 3468 jam
664 3383 789 3446 barbari
811 3405 931 3467 quoque
946 3382 1103 3466 ignoscere

170 3480 251 3544 vitiis
267 3481 516 3545 blandientibus:
540 3491 572 3545 et
593 3481 787 3545 interventus
802 3480 937 3542 civilium
952 3502 1103 3546 armorum

168 3578 310 3662 praebuit
320 3579 438 3663 justam
453 3580 604 3662 segnitiae
616 3577 861 3642 exeusationem:
885 3577 938 3639 sed
954 3577 1103 3643 discordia

169 3681 347 3751 laboratum,
374 3700 443 3741 eum
479 3688 621 3742 assuetus
651 3677 897 3761 expeditionibus
928 3678 1014 3741 miles
1037 3680 1103 3744 'otio
