2514 4154
507 341 548 385 nn
572 341 753 384 ennnnnm.
1061 322 1098 379 41

157 491 332 569 pernicitate
361 489 497 573 gaudent
510 512 519 566 ;
561 511 640 572 quae
671 489 773 552 omnia
801 488 922 550 diversa
951 488 1099 550 Sarmatis

156 603 237 666 sunt,
260 593 291 654 in
319 592 457 676 plaustro
486 612 628 674 equoque
650 591 835 654 viventibus
857 644 860 648 .
881 588 995 652 Fennis
1024 590 1100 652 mira

155 691 268 768 feritas,
291 691 382 755 foeda
409 705 595 773 paupertas:
627 714 687 754 non
715 713 809 767 arma,
838 713 898 753 non
928 692 1010 774 equi,
1040 713 1100 753 non

154 783 301 872 penates:
324 793 420 856 victui
442 792 546 869 herba,
568 794 693 856 vestitui
714 792 822 872 pellea,
839 792 940 854 cubile
962 791 1098 855 humus:

155 893 220 955 sola
256 895 287 955 in
324 895 442 976 sagittis
479 915 561 974 spes,
599 915 687 976 quaa,
724 893 827 972 inopia
857 892 938 966 ferri,
976 894 1096 955 ossibus

145 1001 307 1077 asperent.
350 994 500 1078 Idemque
521 1008 651 1058 venatus
673 995 755 1056 viros
777 995 890 1075 pariter
912 1016 948 1057 ac
968 994 1098 1057 feminas

154 1093 217 1156 alit.
252 1093 396 1157 Passim
424 1095 508 1158 enim
536 1096 729 1170 comitantur,
759 1106 938 1177 partemque
967 1095 1098 1174 praedae

153 1207 270 1276 petunt.
323 1194 394 1259 Nec
421 1197 506 1259 aliud
533 1196 700 1259 infantibus
728 1196 863 1259 ferarum
892 1197 1098 1279 imbriumque

154 1297 333 1381 suffugium,
349 1320 442 1381 quarn
456 1310 492 1361 ut
506 1299 538 1360 in
552 1297 655 1380 aliquo
669 1318 824 1359 ramorum
839 1318 920 1359 nexu
935 1309 1099 1380 contegan-

153 1409 220 1460 tur:
244 1398 305 1461 hue
327 1399 456 1461 redeunt
478 1398 618 1481 juvenes,
635 1396 694 1459 hoc
722 1418 832 1459 senum
857 1398 1098 1477 receptaculum.

154 1498 218 1560 Sed
245 1499 366 1561 beatius
395 1498 586 1573 arbitrantur,
611 1518 705 1580 quam
732 1498 888 1580 ingemere
917 1499 1009 1581 agris,
1033 1498 1098 1561 illa-

152 1598 259 1660 borare
274 1598 427 1674 domibus,
443 1619 517 1660 suas
538 1598 714 1691 alienasque
729 1596 865 1660 fortunas
881 1619 936 1682 spe
952 1611 1097 1682 metuque

152 1721 285 1763 versare.
330 1699 440 1764 Securi
469 1699 617 1763 adversus
646 1699 796 1776 heminae,
820 1702 922 1764 securi
950 1701 1098 1765 adversus

152 1799 236 1876 deos,
252 1818 318 1864 rem
339 1800 551 1864 difficillimam
574 1801 709 1864 assecuti
732 1813 812 1878 sunt,
828 1813 863 1865 ut
884 1801 945 1865 illis
967 1824 1006 1865 ne
1027 1815 1097 1866 roto

152 1902 277 1985 quidem
299 1925 376 1984 opus
398 1915 492 1966 esset.
539 1903 653 1966 Cetera
670 1903 735 1987 jam
750 1902 910 1967 sabulosa:
935 1903 1096 1967 Hellusios

153 2015 183 2066 et
212 2003 348 2067 Oxionas
377 2027 430 2068 ora
457 2004 618 2067 hominum
645 2005 822 2088 vultusque,
849 2027 977 2091 corpora
1005 2018 1095 2089 atque

152 2116 236 2167 artus
250 2105 394 2181 ferarum,
410 2127 539 2190 gerere:
564 2105 646 2189 quod
668 2125 736 2189 ego,
760 2119 794 2169 ut
816 2108 1049 2189 incompertum,
1066 2108 1095 2172 in

153 2204 290 2269 medium
304 2205 486 2290 relinquam.
