2514 4154
545 338 703 384 aentcom
1064 325 1100 384 at

161 504 271 568 serent,
290 489 402 553 hortari
424 489 576 571 privatim,
600 488 743 573 adjuvare
765 488 899 570 publice,
923 502 957 552 ut
978 488 1099 570 templa,
1125 509 1128 515 ·

96 579 99 585 ¹
160 594 232 668 lora,
255 593 365 656 domus
395 603 595 665 exstruerent,
619 590 771 653 laudando
798 603 955 672 promptos
985 603 1016 653 et
1037 613 1103 654 cas·

159 693 281 778 tigando
297 714 428 776 segnes:
453 692 495 754 ita
517 691 647 768 honoris,
662 691 828 754 aemulatio
849 714 904 772 pro
919 693 1102 755 necessitate

160 810 230 858 orat.
275 794 348 857 Jam
373 815 446 864 vero
473 794 648 874 principum
673 793 753 856 filios
783 793 961 856 liberalibus
987 795 1103 856 artibus
1120 758 1224 848 Ἀ

159 897 290 972 crudire,
323 909 354 958 et
390 896 512 979 ingenia
548 894 763 957 Britannorum
801 895 911 958 studiis
943 895 1102 960 Gallorum

158 996 318 1072 antulerre,
335 970 447 1079 uffqui
463 995 554 1058 modo
576 996 714 1079 linguam
730 996 904 1059 Romanam
918 997 1103 1074 abnuebant,

158 1098 365 1181 eloquentiam
387 1099 650 1179 concupiscerent.
696 1097 772 1163 Inde
788 1099 881 1160 etiam
897 1097 1018 1161 habitus
1033 1121 1103 1161 nos·

158 1201 192 1262 tri
210 1201 304 1263 honor
319 1213 351 1263 et
364 1199 508 1284 frequens
531 1212 622 1283 toga:
645 1200 855 1283 paulatimque
877 1200 1051 1264 discessum
1066 1201 1102 1264 ad

157 1300 362 1365 delenimenta
396 1303 550 1376 vitiorum,
578 1302 714 1381 porticus
743 1314 775 1363 et
802 1300 912 1363 balnea
941 1314 972 1363 et
1000 1304 1102 1364 convi-

157 1404 274 1466 viorum
298 1403 503 1486 elegantiam:
527 1402 621 1484 idque
646 1400 728 1482 apud
750 1403 907 1482 imperitos
929 1401 1103 1465 humanitas

158 1505 333 1580 vocabatur,
352 1525 425 1565 cum
440 1524 511 1584 pars
527 1503 682 1565 servitutis
698 1515 791 1566 esset.

200 1604 460 1693 XXIerertius
487 1604 716 1686 expeditionum
744 1627 842 1667 annus
871 1627 966 1668 novas
994 1618 1102 1689 gentes

157 1708 285 1788 aperuit,
313 1707 440 1770 vastatis
468 1728 568 1790 usque
594 1706 632 1769 ad
662 1707 766 1770 Taum
795 1708 962 1788 (aestuario
991 1730 1102 1770 nomen

157 1809 218 1890 est)
243 1810 436 1873 nationibus:
467 1832 528 1894 qua
556 1809 717 1873 formidine
747 1811 842 1873 territi
871 1807 976 1872 hostes
1006 1832 1102 1892 quan-

157 1933 250 1994 quam
279 1911 487 1974 conflictatum
524 1913 625 1975 saevis
662 1912 898 1996 tempestatibus
934 1912 1102 1974 exercitum

157 2012 310 2076 lacessere
339 2035 401 2075 non
429 2015 519 2089 ausi;
572 2013 784 2097 ponendisque
814 2014 940 2094 insuper
967 2013 1102 2076 castellis

157 2116 291 2198 spatium
319 2113 387 2177 tuit.
432 2115 627 2194 Annotabant
657 2117 748 2196 periti
776 2137 837 2177 non
866 2115 962 2178 alium
989 2115 1102 2177 ducem

157 2216 396 2294 opportunitates
418 2214 557 2279 locorum
580 2216 748 2296 sapientius
770 2215 905 2298 legisse:
929 2215 1049 2277 nullum
1064 2215 1101 2277 ab

157 2314 303 2398 Agricola
323 2315 459 2398 positum
481 2315 644 2378 castellum
666 2329 719 2378 aut
740 2317 772 2378 vi
793 2316 929 2378 hostium
948 2337 1102 2401 expugna-

158 2428 224 2478 tum
245 2427 299 2478 aut
323 2415 465 2499 pactione
487 2436 524 2479 ac
546 2415 621 2498 fuga
642 2415 809 2478 desertum.
856 2416 990 2479 Crebrae
1014 2439 1102 2496 erup·

157 2518 274 2579 tiones:
297 2538 370 2579 nam
390 2515 537 2578 adversus
560 2539 661 2579 moras
684 2516 851 2579 obsidionis
873 2518 982 2578 annuis
1004 2518 1102 2600 copiis

156 2619 374 2681 firmabantur:
397 2619 440 2682 ita
464 2618 614 2700 intrepida
638 2619 681 2682 ibi
707 2617 816 2694 hiems,
833 2632 864 2681 et
890 2619 948 2681 sibi
970 2620 1102 2702 quisque

156 2720 318 2801 praesidio,
346 2721 436 2784 irritis
462 2720 603 2784 hostibus
633 2742 732 2805 eoque
758 2719 1002 2804 desperantibus,
1030 2723 1102 2804 quia

157 2821 238 2885 soliti
267 2822 448 2906 plerumque
477 2822 589 2885 damna
623 2823 747 2885 aestatis
775 2821 911 2884 hibernis
941 2823 1102 2886 eventibus

155 2944 295 3002 pensare,
318 2936 384 2986 tum
408 2935 523 2985 aestate
546 2936 638 3006 atque
662 2922 765 2987 hieme
787 2923 875 3007 juxta
900 2923 1101 3007 pellebantur.
1137 2960 1145 2984 2

157 3020 227 3085 Nec
256 3023 401 3106 Agricola
430 3044 565 3105 unquam
587 3044 643 3103 per
672 3023 747 3085 alios
770 3035 858 3106 gesta
879 3023 988 3086 avidus
1012 3025 1102 3087 inter·

157 3125 260 3204 cepit:
285 3147 340 3187 seu
364 3125 502 3187 centurio
525 3146 581 3187 scu
604 3124 788 3209 praefectus,
804 3127 1013 3210 incorruptum
1029 3126 1101 3189 facti

158 3236 268 3286 testem
288 3225 430 3288 habebat.
474 3225 568 3310 Apud
583 3226 733 3309 quosdam
756 3227 894 3289 acerbior
908 3227 940 3287 in
955 3226 1100 3288 conviciis

159 3323 350 3409 narrabatur3
370 3335 489 3391 uteret
504 3327 598 3390 comis
613 3325 709 3408 bonis,
728 3328 875 3390 adversus
902 3327 998 3389 malos
1024 3326 1100 3410 inju-

158 3426 299 3491 cundus:
324 3440 461 3491 ceterum
476 3450 515 3490 ex
529 3429 687 3492 iracundia
701 3430 777 3492 nihil
799 3439 976 3509 supererat;
1000 3448 1101 3488 secre-

159 3542 225 3593 tum
240 3540 271 3590 et
286 3527 440 3592 silentium
463 3530 530 3614 ejus
552 3552 613 3593 non
634 3533 779 3593 timeres:
803 3529 961 3592 honestius
976 3528 1100 3608 putabat

163 3629 325 3704 ollendere,
342 3650 435 3712 quam
450 3631 562 3693 odisse.

201 3731 329 3798 XXIII.
353 3730 472 3806 Quarta
494 3746 594 3796 aestas
610 3716 791 3808 obtinendis,
807 3754 886 3816 quae
901 3752 1100 3815 percurrerat,
