2514 4154
549 319 716 364 nearcorn.
1062 307 1101 364 tt!

165 470 294 553 aridique
311 470 438 550 insuper
459 469 642 549 opinionem,
667 467 788 547 Syriam
810 468 997 548 provinciam
1015 467 1102 551 Agri·

71 554 76 561 ’
164 570 248 651 solae
271 570 425 645 destinari,
448 590 578 631 vacuam
605 580 673 631 turn
700 580 797 631 morte
820 568 905 631 Atilii
927 567 1003 630 Rufi
1030 591 1101 630 con·

163 670 272 732 sularis
292 682 322 732 et
344 669 509 752 majoribus
531 681 727 732 reservatam.
775 667 941 731 Credidere
962 668 1100 753 plerique

163 767 305 831 libertum
341 791 380 831 ex
416 768 632 830 secretioribus
675 769 852 831 ministeriis
895 769 1025 832 missurn
1063 769 1099 830 ad

164 870 338 951 Agricolam
360 869 528 944 codicillos,
545 870 657 952 quibus
680 871 709 932 ei
732 869 823 954 Syria
839 870 976 944 dabatur,
991 870 1100 932 tulisse

143 1046 146 1052 .
162 991 234 1032 cum
256 983 429 1053 praecepto
445 982 488 1046 ut,
504 971 532 1033 si
554 971 586 1032 in
607 969 765 1033 Britannia
785 969 872 1045 foret,
888 970 1098 1033 traderentur:

160 1090 295 1153 eumque
337 1070 479 1134 libertum
522 1073 554 1134 in
596 1072 663 1152 ipso
701 1071 778 1133 freto
816 1069 933 1134 Oceani
976 1072 1100 1134 obvium

164 1171 333 1255 Agricolae,
363 1194 401 1234 ne
430 1172 583 1256 appellato
605 1171 731 1254 quidem
758 1193 804 1246 ee,
828 1171 867 1234 ad
889 1170 1100 1235 Domitianum

163 1293 313 1334 :emeasse
329 1295 336 1335 :
361 1274 425 1336 sive
447 1293 556 1335 verum
578 1272 669 1346 istud,
684 1272 751 1334 sive
765 1293 805 1333 ex
819 1272 941 1353 ingenio
955 1273 1099 1353 principis

161 1373 266 1437 fictum
286 1395 323 1436 ac
345 1374 550 1452 compositum
573 1385 630 1434 est.
674 1371 856 1433 Tradiderat
876 1373 996 1434 interim
1012 1375 1100 1455 Agri·

160 1473 227 1535 cola
263 1473 435 1536 successori
464 1494 521 1534 suo
549 1471 736 1556 provinbiam
766 1472 901 1553 quietam
930 1481 1099 1554 tutamque.

162 1574 217 1649 Ac,
234 1595 272 1635 ne
287 1573 428 1635 notabilis
451 1573 625 1635 celebritate
641 1585 671 1634 et
685 1560 856 1654 frequentia
876 1574 1099 1636 occurrentium

159 1674 298 1735 introitus
335 1685 428 1749 esset,
464 1674 558 1736 vitato
593 1673 762 1735 amicorum
799 1672 910 1749 officio,
939 1685 1032 1736 noctu
1068 1674 1098 1736 in

159 1773 276 1849 urbem,
298 1787 393 1838 noctu
416 1775 447 1837 in
476 1774 633 1856 palatium,
664 1775 706 1837 ita
734 1787 769 1837 ut
797 1787 996 1858 praeceptum
1024 1788 1096 1851 erat,

158 1877 262 1938 verrit:
300 1889 508 1959 exceptusque
537 1876 622 1938 brevi
651 1876 758 1938 osculo
787 1888 818 1937 et
845 1875 930 1938 nullo
958 1897 1097 1938 sermone

158 1976 263 2039 turbae
286 1977 484 2040 servientium
507 1977 664 2040 immixtus
687 1989 744 2040 est.
790 1976 948 2052 Ceterum,
961 1989 999 2039 ut
1019 1977 1097 2040 miti-

158 2088 221 2138 tare
242 2099 364 2153 nomen,
387 2099 479 2161 graue
501 2078 579 2141 inter
600 2079 724 2154 otiosos,
748 2079 816 2140 aliis
837 2077 1000 2141 virtutibus
1021 2091 1098 2141 tem·

157 2191 286 2257 peraret,
314 2179 565 2260 tranquillitatem
593 2192 699 2261 atque·
721 2179 817 2241 otium
845 2179 967 2259 penitus
1003 2179 1096 2254 auxit,

157 2278 243 2340 cultu
271 2277 421 2352 modicus,
445 2299 585 2340 sermone
608 2277 717 2352 facilis,
741 2300 802 2340 uno
830 2290 883 2341 aut
908 2279 1001 2341 altero
1023 2280 1098 2341 ami·

157 2399 264 2440 corum
292 2378 477 2453 comitatus3
507 2377 585 2440 adeo
613 2390 648 2440 ut
675 2373 813 2462 plerique
835 2380 948 2461 quibus
970 2401 1097 2462 magnos

159 2480 238 2542 viros
252 2500 308 2559 per
322 2479 520 2541 ambitionem
541 2479 702 2541 aestimare
724 2500 792 2541 mos
807 2492 864 2554 est,
879 2479 946 2540 viso
961 2493 1097 2558 aspecto-

77 2583 79 2587 ’
157 2601 217 2664 que
253 2579 408 2664 Agricola,
437 2592 617 2664 quaererent
645 2579 768 2656 famam,
798 2580 889 2661 pauci
924 2579 1098 2659 interpreta-

157 2695 269 2746 rentur.

198 2778 282 2847 XLI„
306 2782 485 2864 Crebroper
506 2805 561 2846 eos
574 2783 642 2846 dies
664 2783 746 2864 apud
760 2782 972 2846 Domitianum
986 2781 1097 2846 absens

156 2897 332 2959 aecusatus,
346 2885 458 2948 absens
481 2885 640 2948 absolutus
662 2897 720 2947 est.
766 2884 871 2947 Causa
895 2884 1023 2965 periculi
1038 2907 1098 2946 non

157 2987 273 3049 crimen
294 2986 393 3049 ullum
421 2999 475 3048 aut
496 2986 621 3068 querela
648 2986 724 3048 laesi
753 2985 945 3070 cujusquam,
969 2986 1025 3049 sed
1053 2987 1097 3049 in·

158 3085 264 3151 sensus
278 3087 442 3150 virtutibus
465 3087 608 3171 princeps
628 3099 662 3150 et
683 3086 779 3170 gloria
793 3087 849 3149 viri
871 3108 907 3150 ac
927 3088 1097 3168 pessimum

159 3187 352 3250 mimicorum
380 3208 490 3271 genus,
516 3187 684 3250 laudantes.
729 3186 772 3250 Et
794 3208 831 3249 ea
859 3188 998 3251 insecuta
1027 3201 1098 3249 sunt

158 3286 344 3365 reipublicae
366 3301 512 3370 tempora,
536 3309 615 3371 quae
638 3288 720 3352 sileri
744 3288 920 3371 Agricolam
941 3309 1002 3349 non
1017 3287 1097 3348 sine-

159 3399 245 3449 rent:
275 3399 320 3449 tot
340 3391 492 3457 exercitus
513 3391 545 3452 in
567 3389 689 3452 Moesia
710 3389 871 3471 Daciaque
885 3401 917 3450 et
931 3387 1097 3450 Germania

159 3485 388 3570 Pannoniaque,
417 3491 587 3554 temeritate
623 3502 677 3553 aut
711 3511 767 3571 per
800 3489 953 3573 ignaviam
981 3487 1096 3552 ducum

158 3588 284 3650 amissi:
321 3599 366 3650 tor.
401 3588 547 3652 militares
575 3591 632 3653 uiri
668 3611 740 3652 cum
769 3601 814 3653 tot
841 3587 1016 3650 cohortibus
1045 3609 1097 3650 ex·

159 3691 284 3773 pugnati
308 3701 338 3751 et
362 3689 462 3770 capti:
487 3711 543 3752 nec
562 3690 625 3775 jam
646 3690 686 3752 de
708 3690 805 3754 limite
828 3690 947 3771 imperii
969 3702 1000 3752 et
1020 3691 1086 3772 ripa
