2514 4154
556 343 727 388 remcort.
1076 329 1111 386 71

176 488 286 572 quibus
315 492 408 554 moris
438 492 543 555 illicita
570 490 683 568 mirari,
712 512 804 574 posse
828 492 920 555 etiam
947 491 1005 554 sub
1027 493 1116 555 malis

175 592 363 676 principibus
392 613 521 675 magnos
548 593 630 657 viros
667 614 758 655 esse:
797 593 1043 675 obsequiumque
1079 615 1116 655 ac

175 691 367 766 modestiam,
396 693 422 754 si
451 691 599 756 industrio
627 713 664 755 ac
691 693 779 776 vigor
810 693 920 768 adsint,
951 713 988 754 eo
1016 691 1115 755 laudis

175 792 332 867 excedere,
360 815 422 876 quo
449 792 586 877 plerique
614 815 671 878 per
691 795 828 875 abrupta,
853 793 908 856 sed
936 794 968 857 in
996 793 1116 856 nullum
1157 809 1161 815 ·

175 892 359 972 reipublicae
374 914 477 966 usum,
494 893 657 956 ambitiosa
670 907 767 957 morte
783 893 998 957 inclaruerunt.

214 988 326 1053 XLIH.
356 992 442 1057 Finis
469 995 550 1057 uitae
587 994 654 1078 ejus
683 995 772 1058 nobis
808 995 979 1070 luctuosus,
1007 995 1115 1057 amicis

174 1092 277 1168 tristis,
302 1094 453 1157 extraneis
475 1095 568 1157 etiam
590 1095 763 1178 ignotisque
785 1117 847 1156 non
869 1095 935 1157 sine
958 1116 1031 1158 cura
1045 1095 1113 1157 fuit.

176 1191 294 1276 Vulgus
323 1217 445 1279 quoque
475 1208 506 1259 et
533 1195 584 1258 hic
612 1195 696 1258 aliud
718 1217 813 1279 agens
835 1197 967 1277 populus
990 1209 1020 1258 et
1041 1218 1114 1259 ren·

173 1295 297 1357 litavere
312 1296 351 1358 ad
365 1294 502 1370 domum,
518 1307 549 1359 et
564 1318 619 1376 per
633 1296 698 1359 fora
713 1310 743 1359 et
758 1296 889 1359 circulos
912 1296 1008 1358 locuti
1023 1310 1112 1358 sunt:
1200 1284 1203 1289 ¹

172 1417 230 1458 nec
245 1397 408 1479 quisquam
431 1396 534 1458 audita
555 1409 652 1458 morte
668 1395 830 1478 Agricolae
853 1409 906 1458 aut
923 1396 1053 1458 laetatus
1068 1410 1114 1459 est

173 1509 227 1558 aut
255 1497 356 1559 statim
384 1496 507 1558 oblitus
551 1497 695 1579 Augebat
716 1497 944 1559 miserationem
972 1509 1113 1559 constans

77 1612 93 1634 ·
173 1619 285 1673 rumor,
316 1618 433 1660 veneno
465 1598 681 1681 interceptum.
736 1596 835 1660 Nobis
864 1597 939 1663 nihil
967 1599 1112 1679 comperti

173 1697 324 1761 affirmare
354 1700 476 1762 ausim:
506 1713 644 1762 ceterum
671 1722 727 1781 per
755 1720 879 1763 omnem
906 1699 1112 1763 valetudinem

150 1806 182 1861 Λ).
188 1799 250 1883 jus,
266 1800 403 1863 crebrius
419 1822 511 1883 quam
534 1822 572 1863 ex
594 1823 677 1864 more
701 1801 888 1882 principatus
915 1823 972 1886 per
991 1803 1113 1864 nuntios

172 1902 309 1978 visentis,
341 1914 372 1964 et
398 1901 576 1965 libertorum
611 1903 702 1984 primi
731 1914 763 1965 et
790 1902 981 1965 medicorum
1016 1903 1113 1965 intimi

173 2024 282 2066 venere
298 2024 305 2065 :
329 2004 394 2066 sive
409 2026 483 2066 cura
498 2004 573 2067 illud
591 2006 656 2067 sive
671 2004 827 2087 inquisitio
842 2017 916 2067 erat.
961 2004 1113 2085 Supremo

172 2104 297 2185 quidem
322 2105 383 2180 die,
409 2115 565 2167 momenta
587 2105 758 2168 deficientis
782 2127 837 2185 per
858 2105 1023 2186 dispositos
1045 2127 1113 2167 cur·

173 2225 258 2265 sores
273 2205 410 2266 nuntiata
430 2205 598 2279 constabat,
615 2204 700 2266 nullo
720 2205 866 2289 credente.
878 2205 923 2267 sic
938 2205 1111 2281 accelerari,

173 2324 252 2385 quae
280 2304 374 2365 tristis
397 2303 525 2365 audiret.
570 2304 715 2384 Speciem
743 2316 845 2366 tamen
871 2305 983 2368 doloris
1012 2307 1112 2367 animo

173 2403 320 2487 vultuque
335 2424 407 2484 prae
423 2424 457 2465 se
472 2403 551 2479 tulit,
568 2424 696 2466 securus
712 2403 776 2487 jam
792 2404 862 2479 odii,
879 2407 977 2488 etqui
992 2406 1112 2468 facilius

172 2504 379 2567 dissimularet
403 2502 561 2588 gaudium,
589 2525 683 2588 quam
710 2515 838 2567 metum.
883 2503 965 2566 Satis
994 2518 1113 2567 consta·

172 2606 233 2682 bat,
269 2605 350 2668 lecto
385 2615 569 2668 testamento
604 2605 777 2688 Agricolae,
815 2626 881 2701 quq
912 2604 1113 2668 cohaeredem

172 2720 303 2787 optimae
317 2708 404 2770 uxori
427 2719 459 2770 et
479 2707 636 2787 piissimae
651 2707 732 2770 filiae
754 2705 965 2769 Domitianum
981 2707 1111 2792 scripsit,

171 2807 316 2872 laetatum
331 2829 404 2871 eum
425 2807 511 2872 velut
531 2802 650 2870 honore
665 2807 866 2891 judicioque:
890 2821 952 2872 tam
974 2829 1067 2871 caeca
1083 2823 1112 2872 et

172 2922 312 2996 corrupta
334 2931 422 2973 mens
445 2909 578 2972 assiduis
600 2908 824 2972 adulationibus
844 2921 916 2986 erat,
932 2923 966 2972 ut
981 2894 1111 2974 nesciret

171 3032 188 3072 a
202 3012 288 3081 bono¹
303 3023 389 3093 patre
411 3032 472 3073 non
495 3011 586 3073 scribi
607 3009 780 3085 haeredem,
797 3012 855 3074 nisi
871 3011 986 3075 malum
1001 3013 1111 3095 princi·

171 3134 251 3191 pern.

213 3211 331 3277 XLIV.
376 3213 477 3277 Natus
507 3226 571 3276 erat
599 3213 753 3298 Agricola,
786 3213 864 3277 Caio
889 3214 1023 3278 Caesare
1053 3226 1111 3276 ter-

171 3313 247 3375 tium
267 3315 403 3391 consule,
427 3314 534 3378 Idibus
556 3314 678 3378 Juniis:
705 3317 839 3379 excessit
864 3329 950 3378 sexto
973 3328 1003 3377 et
1024 3316 1110 3398 quin·

171 3414 351 3496 quagesima
372 3436 461 3491 anno,
484 3415 608 3479 decimo
628 3414 786 3479 Kalendas
810 3416 1012 3500 Septembris,
1038 3414 1108 3478 Col·

170 3517 239 3596 lega
253 3510 422 3597 Priscoque
444 3517 634 3579 consulibus.
678 3516 772 3589 Quod
787 3518 814 3580 si
828 3517 967 3579 habitum
987 3536 1109 3599 quoque

170 3615 237 3699 ejus
252 3615 366 3695 posteri
391 3637 517 3678 noscere
538 3616 643 3692 velint,
666 3616 822 3680 decentior
835 3638 930 3700 quam
951 3615 1110 3679 sublimior

170 3713 248 3788 fuit;
285 3714 361 3778 nihil
388 3728 490 3778 metus
518 3718 549 3779 in
576 3717 674 3792 vultu,
704 3715 800 3800 gratia
834 3718 894 3780 oris
931 3729 1108 3798 supererat·
