2514 4154
494 363 534 406 ne
559 363 737 406 ennunnrn.
1043 348 1084 451 {33
1153 386 1155 391 ·

150 510 246 575 donee
270 512 433 594 exsanguis
459 524 600 574 senectus
626 523 689 573 tarn
711 509 805 573 durae
829 509 929 572 virtuti
954 510 1084 591 impares

152 611 250 676 iaciat.

190 709 321 772 XXXII.
344 707 728 776 ProxirniChsttiScertnm
747 712 810 796 jam
827 712 913 774 alveo
929 711 1084 787 Rhenum,

150 815 261 897 quique
291 815 439 876 terminus
469 835 538 876 esse
568 813 709 889 sufficiat,
743 813 843 893 Usipii
874 835 910 875 ac
939 812 1084 875 Tencteri

149 916 263 978 colunt.
321 914 476 990 Tencteri,
510 936 601 994 super
634 915 758 978 solitum
792 915 943 977 bellorum
977 913 1084 987 decus,

151 1017 301 1097 equestris
316 1015 493 1094 disciplinae
509 1028 571 1076 arte
586 1015 796 1095 praecellunt:
823 1037 881 1077 nec
896 1014 991 1097 major
1005 1014 1084 1094 apud

152 1116 280 1178 Chattos
294 1117 427 1194 peditum
441 1115 518 1190 laus,
535 1137 628 1198 quarn
650 1114 811 1177 Tencteris
839 1117 987 1198 equiturn.
1032 1114 1085 1176 Sic

151 1216 307 1278 instituere
331 1215 470 1298 majores,
495 1216 608 1296 posteri
631 1216 804 1291 imitantur3
827 1215 858 1277 hi
881 1215 968 1278 lusus
990 1213 1086 1277 inian-

150 1318 237 1391 tium,
267 1317 343 1379 haec
367 1316 516 1399 juvenum
545 1316 719 1390 aemulatio,
749 1329 944 1395 perseverant
973 1333 1084 1376 senes·

151 1418 228 1478 inter
242 1417 389 1478 familiam
412 1428 443 1477 et
464 1428 590 1500 penates
613 1427 644 1476 et
669 1415 737 1496 jura
760 1415 992 1476 successionum
1015 1415 1084 1494 equi

151 1516 329 1592 traduntur3
364 1516 476 1595 excipit
503 1515 595 1589 filine,
625 1536 695 1590 non,
724 1526 759 1576 ut
794 1526 905 1587 cetera,
935 1514 1086 1576 maximus

150 1629 233 1690 natu,
250 1615 303 1678 sed
319 1631 408 1696 prout
422 1614 506 1677 ferox
520 1614 601 1677 bello
616 1627 646 1677 et
660 1613 778 1677 melior.

191 1713 334 1776 XXXIII.
357 1714 451 1778 Juxta
479 1716 648 1778 Tencteros
678 1715 818 1779 Bructeri
848 1717 920 1779 olim
949 1737 1086 1778 occurre·

150 1816 243 1879 bant:
280 1840 362 1880 nunc
394 1817 567 1880 Chamavos
597 1830 628 1880 et
657 1819 853 1901 Angrivarios
893 1819 1085 1901 immigrasse

150 1932 295 1992 narratur,
310 1919 409 1999 pulsis
432 1917 589 1981 Bructeris
605 1941 640 1980 ac
654 1920 777 1999 penitus
793 1919 904 1980 excisis
919 1918 1086 1979 vicinarum

149 2040 301 2082 consensu
328 2021 494 2094 nationum,
518 2041 575 2081 seu
601 2019 760 2100 superbiae
784 2020 862 2094 odio,
880 2041 935 2081 seu
956 2017 1086 2098 praedae

149 2118 321 2193 dulcedine,
338 2141 392 2181 seu
409 2120 512 2182 favore
534 2121 666 2202 quodam
689 2142 761 2203 erga
776 2141 831 2181 nos
846 2119 993 2181 deorum:
1017 2141 1085 2180 nam

150 2241 187 2280 ne
204 2219 380 2301 spectaculo
392 2220 516 2302 quidem
531 2221 637 2300 proelii
653 2221 804 2282 invidere:
829 2240 920 2300 super
932 2222 1087 2303 sexaginta

150 2319 255 2392 millia,
277 2340 337 2379 non
363 2321 455 2380 armis
477 2321 605 2401 telisque
627 2319 788 2396 Romanis,
811 2321 876 2396 sed,
899 2321 981 2403 quod
1003 2343 1087 2403 mag·

152 2420 323 2481 nificentius
366 2431 423 2494 est,
464 2420 657 2481 oblectationi
700 2419 859 2501 oculisque
901 2420 1087 2481 ceciderunt.

152 2519 286 2594 Maneat,
309 2541 434 2601 quaeso,
450 2519 599 2601 duretque
620 2517 772 2601 gentibus,
789 2519 890 2579 sinon
912 2539 996 2578 amor
1017 2539 1087 2578 nos-

151 2621 198 2695 tri,
221 2632 252 2682 at
276 2633 358 2682 certe
381 2618 485 2682 odium
512 2620 582 2681 sui:
614 2619 744 2702 quando,
769 2618 947 2701 urgentibus
970 2617 1086 2698 imperii

152 2721 232 2797 fatis,
248 2721 322 2783 nihil
344 2721 409 2805 jam
430 2734 583 2801 praestare
606 2721 725 2783 fortuna
749 2719 848 2803 majus
870 2731 979 2800 potest,
996 2741 1087 2795 quam

151 2819 285 2883 hostiurn
305 2819 498 2882 discordiam.

193 2917 337 2980 XXXIV.
360 2921 556 3003 Angrivarios
570 2933 600 2983 et
613 2919 788 2983 Chamavos
801 2943 819 2982 a
831 2934 915 3003 tergo
931 2919 1086 3003 Dulginun

153 3034 182 3084 et
213 3020 375 3085 Chasuarii
393 3020 520 3084 cludunt
545 3022 684 3103 aliaeque
712 3034 830 3104 gentes,
854 3021 935 3083 haud
963 3021 1087 3101 perinde

153 3135 347 3184 memoratae.
399 3122 428 3183 A
456 3121 553 3183 fronte
582 3120 673 3184 Frisii
699 3122 863 3202 excipiunt.
918 3121 1086 3205 Majoribus

153 3223 381 3305 minoribusque
403 3221 512 3284 Frisiis
531 3221 715 3284 vocabulum
737 3236 785 3284 est
799 3244 837 3284 ex
851 3222 942 3283 modo
958 3224 1085 3284 virium:

154 3337 298 3402 utraeque
319 3323 455 3384 nationes
477 3344 577 3405 usque
607 3323 645 3385 ad
675 3322 836 3385 Oceanum
866 3321 977 3382 Rheno
1001 3341 1087 3399 prae·

154 3433 303 3494 texuntur,
340 3422 740 3506 ambiuntqueirnmensos
778 3424 902 3500 insuper
936 3420 1022 3481 lacus
1058 3432 1086 3481 et

156 3521 303 3585 Romanis
339 3523 491 3586 classibus
526 3525 693 3606 navigatos.
751 3523 859 3601 Ipsum
888 3520 961 3602 quin
997 3521 1087 3584 etiam

155 3621 314 3683 Oceanum
340 3621 391 3684 illa
412 3625 614 3685 tentavimus:
639 3636 669 3685 et
696 3641 857 3700 superesse
887 3618 986 3680 adhuc
1008 3618 1088 3681 Her·

157 3722 230 3786 tulis
261 3722 420 3786 columnas
445 3723 527 3786 sarna
547 3723 704 3804 vulgavit3
735 3722 800 3782 sive
829 3719 902 3781 adiit
924 3718 1088 3795 Hercules,
