2514 4154
539 335 707 378 aanrcom.
1058 323 1096 377 43

158 483 196 546 m,
220 486 262 535 23.
286 480 361 534 Nova
390 481 517 552 expeditio
540 499 621 535 novas
651 490 743 552 gentes
767 482 857 552 aperit,
880 497 947 549 quae
971 480 1096 550 praesidio

187 570 330 622 firmantur.
366 568 506 638 Agricolae
528 569 624 622 candor
640 570 667 622 in
687 568 902 622 communicanda
925 569 1016 639 gloria.
1053 574 1096 621 24.

188 653 333 707 Consilium
351 653 382 707 de
401 653 551 724 occupanda
568 655 703 708 Hibernia.
740 657 853 707 25-27.
876 653 1002 707 Civitates
1026 661 1097 706 trans

187 739 335 794 Bodotriam
359 743 425 794 sitae
443 741 616 810 explorantur.
654 740 796 805 Caledonii,
814 740 947 793 Romanos
971 743 1098 810 aggressi.

188 827 296 880 consilio
313 827 444 894 ductuque
462 827 602 897 Agricolae
626 827 703 898 pulsi,
723 828 859 881 sacrificiis
883 828 1098 897 conspirationem

188 912 323 965 civitatum
347 915 477 965 sanciunt.
520 917 562 966 28.
588 913 740 983 Usipiorum
758 914 850 966 cohors
873 915 939 966 miro
957 930 1022 966 casu
1040 913 1098 965 Bri-

188 999 305 1052 tanniam
330 1001 512 1053 circumvecta.
561 1001 702 1070 Agricolae
725 1002 795 1054 filius
819 1002 880 1054 obit.
926 1005 968 1054 29.
994 1000 1098 1053 Bellum

188 1087 307 1140 Britanni
325 1096 447 1158 reparant
458 1088 574 1158 Calgaco
588 1089 662 1154 duce,
675 1091 750 1156 cujus
764 1095 875 1142 30-32.
889 1089 970 1143 oratio
982 1088 1014 1142 ad
1026 1106 1096 1142 suos.

189 1179 230 1237 33,
244 1179 286 1227 34.
305 1174 438 1228 Romanos
459 1192 561 1244 quoque
578 1176 696 1228 hortatur
714 1177 847 1246 Agricola.
885 1179 996 1229 35-37.
1016 1177 1098 1229 Atrox

188 1268 214 1313 et
232 1269 369 1314 cruentum
388 1261 523 1331 proelium.
561 1266 603 1314 38.
622 1262 708 1316 Penas
721 1262 854 1315 Romanos
866 1264 982 1316 victoria.
1018 1262 1097 1332 Agri·

189 1347 246 1399 cola
258 1347 422 1400 Britanniam
434 1348 594 1401 circumvehi
607 1348 740 1418 praecipit.

156 1436 196 1487 39.
215 1435 390 1499 Domitianus,
402 1436 485 1489 fronte
502 1435 596 1498 laetus,
607 1443 710 1505 pectore
728 1436 830 1498 anxius,
842 1436 964 1487 nuntium
976 1435 1099 1488 victoriae

189 1523 293 1592 excipit.
329 1527 373 1574 40.
391 1522 513 1574 Honores
530 1528 619 1587 tamen
631 1520 772 1590 Agricolae
785 1520 889 1574 decerni
905 1521 985 1587 jubet,
997 1520 1100 1574 condito

189 1607 255 1672 odio,
273 1607 355 1661 donec
379 1609 512 1678 provincia
535 1607 642 1660 decedat
660 1607 794 1677 Agricola.
831 1607 857 1660 Is
881 1607 962 1661 redux
986 1607 1100 1661 modeste

189 1695 253 1763 agit.
289 1701 332 1747 41.
352 1694 502 1748 Periculum
520 1695 554 1746 ab
577 1695 774 1748 accusatoribus
792 1701 819 1748 et
835 1693 1019 1747 laudatoribus.
1056 1699 1100 1747 42.

189 1779 308 1834 Excusat
319 1798 356 1845 se,
368 1798 402 1835 ne
414 1782 574 1852 provinciam
593 1781 715 1834 sortiatur
730 1780 876 1851 proconsul.
912 1786 955 1834 43.
974 1780 1037 1834 Obit
1048 1798 1101 1834 non

190 1870 246 1921 sine
270 1869 364 1923 veneni
388 1869 544 1939 suspicione,
564 1886 581 1921 a
598 1869 748 1922 Domitiano
765 1867 827 1920 dati.
862 1873 905 1920 44.
931 1867 996 1934 Ejus
1020 1875 1100 1932 aetas,

188 1955 301 2020 habitus,
318 1956 437 2020 honores,
455 1974 525 2027 opes.
562 1958 605 2009 45.
629 1956 722 2009 Mortis
740 1957 917 2026 opportunitas
935 1963 995 2008 aute
1012 1955 1101 2008 Domi·

187 2042 252 2096 tiani
271 2043 428 2096 atrocitates.
464 2048 507 2096 46.
526 2043 647 2105 Questus
665 2045 780 2096 auctoris
798 2050 825 2095 et
842 2060 875 2095 ex
887 2044 981 2095 virtute
1000 2042 1099 2095 solatia.

189 2129 273 2181 Fama
286 2130 426 2199 Agricolae
439 2129 471 2182 ad
483 2139 599 2200 posteros
614 2131 775 2182 transmissa.

199 2318 226 2381 I.
265 2317 446 2381 Carnorum
483 2321 617 2381 virorum
653 2318 734 2382 sacta
772 2341 935 2402 moresque
971 2320 1100 2400 posteris

158 2419 284 2494 tradere,
308 2419 475 2500 antiquitus
503 2420 659 2495 usitatum,
684 2440 721 2480 ne
744 2421 855 2481 nostris
878 2420 1002 2502 quidem
1025 2433 1101 2481 tcm-

61 2537 70 2552 ·
157 2521 281 2601 poribus
310 2541 485 2602 quanquam
522 2521 675 2583 incuriosa
711 2541 839 2581 suorum
875 2534 959 2581 aetas
989 2521 1100 2595 omisit,

156 2623 297 2705 quotiens
320 2643 432 2704 magna
447 2621 550 2704 aliqua
564 2642 600 2684 ac
615 2621 725 2684 nobilis
741 2621 836 2683 virtus
854 2621 925 2683 vicit
940 2641 976 2682 ac
997 2642 1102 2700 super·

157 2744 263 2806 gressa
286 2734 334 2785 est
354 2723 464 2785 vitium
485 2723 586 2804 parvis
611 2723 793 2806 magnisque
820 2722 994 2784 civitatibus
1019 2744 1102 2784 com·

156 2845 259 2900 mune,
297 2824 498 2907 ignorantiam
533 2806 608 2886 recti
645 2835 675 2885 et
711 2823 867 2886 iuvidiam.
922 2823 986 2886 Sed
1021 2823 1101 2904 apud

156 2927 281 3006 priores,
297 2938 332 2988 ut
346 2946 438 3008 agere
455 2923 550 3008 digna
563 2931 734 2986 memoratu
747 2945 878 3003 pronum
893 2926 1053 3009 magisque
1070 2927 1101 2988 in

158 3041 261 3108 aperto
276 3039 351 3102 erat,
367 3027 409 3089 ita
431 3026 649 3088 celeberrimus
672 3027 803 3108 quisque
826 3027 949 3110 ingenio
973 3027 1011 3089 ad
1035 3049 1102 3107 pro-

71 3158 79 3167 ·
157 3128 288 3191 dandam
303 3128 423 3191 virtutis
446 3129 635 3201 memoriam,
653 3128 718 3188 sinc
734 3127 830 3209 gratia
851 3143 904 3190 aut
926 3129 1101 3203 ambitione,

159 3229 255 3291 bonae
270 3241 389 3292 tantum
404 3229 609 3291 conscientiae
624 3229 721 3308 pretio
735 3228 915 3291 ducebatur.
952 3231 999 3290 Ac
1013 3229 1102 3308 pleri-

159 3351 219 3411 que
236 3351 323 3393 suam
346 3332 404 3411 ipsi
419 3332 514 3392 vitam
536 3351 655 3391 narrare
678 3329 823 3390 fiduciam
846 3332 946 3409 potius
970 3350 1099 3402 morum,

160 3451 253 3513 quam
281 3433 484 3514 arrogantiam
513 3431 646 3494 arbitrati
672 3443 762 3492 sunt:
786 3451 844 3490 nec
872 3427 903 3491 id
933 3428 1051 3490 Rutilio
1074 3442 1102 3492 et

162 3532 280 3595 Scauro
302 3535 377 3594 citra
392 3534 485 3595 fidem
507 3545 561 3594 aut
582 3532 791 3617 obtrectationi
814 3530 889 3591 fuit:
913 3530 990 3590 adeo
1011 3533 1088 3593 virtu

161 3645 208 3696 tes
245 3633 355 3695 iisdem
391 3633 580 3714 temporibus
611 3633 724 3715 optime
754 3632 961 3702 aestimantur,
991 3631 1103 3713 quibus

162 3733 306 3798 facillime
336 3736 511 3818 gignuntur.
556 3734 598 3795 At
621 3752 702 3794 nuno
724 3737 887 3792 narraturo
912 3727 989 3792 mihi
1012 3735 1103 3798 vitam
