2514 4154
185 310 224 369 st
506 328 536 370 c.
560 325 655 369 conn.
679 326 788 371 rrcrrr

185 472 287 551 moris,
302 485 392 537 cantu
408 485 438 535 ot
453 473 574 536 fremitu
590 475 837 558 clamoribusque
850 476 992 540 dissonis.
1033 473 1106 542 lam

184 595 242 655 que
286 575 417 656 agmina,
462 586 492 635 et
534 595 686 636 armorum
728 576 866 659 fulgores
907 577 1109 641 audentissim

184 673 332 756 cujusque
360 694 527 754 procursu:
558 675 650 737 simul
672 676 898 740 instruebantur
918 678 1022 741 acies:
1046 700 1117 742 curn

185 774 336 855 Agricola,
353 797 527 858 quanquam
547 770 662 839 laetum
674 787 708 838 *et
722 778 772 838 vix
792 779 988 841 munimentis
1005 781 1117 842 coerci-

184 889 248 938 tum
284 877 412 939 militem
448 877 633 952 adhortatus,
668 879 708 940 ita
744 878 909 944 disseruit:
949 879 1119 943 “Octavus

183 999 279 1039 annus
302 992 358 1051 est,
381 979 614 1053 commilitones,
638 1000 677 1040 ex
698 1001 759 1061 quo
781 981 891 1042 virtute
914 993 945 1042 et
973 982 1117 1061 auspiciis

183 1078 299 1157 imperii
327 1077 460 1142 Romani
484 1079 542 1142 fide
565 1093 657 1162 atque
688 1101 780 1163 opera
805 1094 906 1142 vestra
930 1080 1117 1144 Britanniam

185 1181 315 1241 vicistis:
340 1192 383 1242 tot
397 1181 650 1260 expeditionibus,
667 1194 710 1243 tot
724 1181 858 1262 proeliis,
872 1203 928 1244 seu
943 1183 1117 1245 fortitudine

183 1280 327 1343 adversus
342 1280 446 1343 hostes
462 1303 517 1344 seu
533 1283 677 1366 patientia
694 1304 731 1344 ac
745 1282 848 1345 labore
862 1303 960 1363 paene
973 1283 1120 1345 adversus

182 1382 280 1462 ipsam
307 1404 409 1445 rerum
437 1396 575 1446 naturam
605 1404 683 1467 opus
705 1383 771 1459 luit,
795 1405 896 1466 neque
917 1405 969 1446 me
989 1383 1120 1446 militum

183 1504 281 1566 neque
296 1506 350 1547 vos
365 1484 453 1564 ducis
467 1487 625 1565 poenituit.
667 1483 752 1568 Ergo
768 1486 893 1568 egressi,
911 1506 969 1569 ego
984 1497 1121 1547 veterum

183 1583 360 1666 legatorum,
387 1606 442 1646 vos
468 1587 604 1667 priorum
633 1587 823 1647 exercituum
848 1588 1003 1661 terminos,
1028 1586 1121 1647 finem

182 1683 358 1746 Britanniae
379 1706 439 1746 non
454 1685 535 1746 lama
556 1706 614 1746 nec
635 1706 767 1760 rumore,
783 1685 838 1747 sed
860 1688 967 1747 castris
984 1700 1014 1748 et
1028 1688 1121 1746 armis

183 1797 333 1846 tenemus.
378 1783 504 1845 lnvcnta
539 1783 694 1844 Britannia
723 1798 754 1845 et
782 1783 919 1844 subacta.
963 1783 1119 1863 Equidem

183 1906 274 1964 saepe
312 1885 343 1945 in
378 1883 508 1964 agmine,
539 1903 610 1944 cum
638 1902 693 1942 vos
730 1881 857 1965 paludes
893 1894 1050 1943 montesve
1087 1895 1117 1942 et

184 1984 310 2044 llumina
338 1982 508 2063 fatigarent,
532 1981 689 2042 fortissimi
719 1982 869 2064 cujusque
894 2002 988 2043 voces
1016 1982 1118 2043 audie-

184 2083 263 2158 bam,
281 2081 412 2155 Quando
426 2080 546 2142 dabitur
569 2080 675 2154 hostis,
689 2082 810 2164 quando
824 2080 932 2144 acies'l
974 2081 1120 2158 Veniunt,

183 2206 200 2245 e
222 2183 344 2245 latebris
374 2183 440 2244 suis
456 2182 605 2265 extrusi:
630 2194 660 2244 et
681 2196 750 2246 vota
771 2185 931 2267 virtusque
952 2185 984 2247 in
1006 2198 1119 2266 aperto,

184 2285 345 2366 omniaque
390 2305 485 2364 prona
526 2284 702 2360 victoribus,
746 2297 837 2369 atque
881 2285 989 2348 eadem
1030 2287 1121 2348 victis

135 2383 136 2386 ’
184 2384 319 2446 adversa.
364 2384 456 2460 Nam,
479 2397 514 2448 ut
536 2407 698 2465 superasse
726 2398 845 2450 tantum
873 2387 999 2462 itineris,
1028 2387 1121 2449 silvas

184 2486 327 2560 evasisse,
357 2487 502 2548 transisse
532 2488 683 2548 aestuaria
711 2486 875 2572 pulchrum
906 2509 943 2550 ac
974 2488 1120 2550 decorum

184 2589 214 2649 in
247 2585 401 2663 frontem;
439 2588 480 2649 ita
511 2585 699 2668 fugientibus
735 2588 1004 2667 periculosissima,
1042 2608 1120 2669 quae

185 2687 273 2749 hodie
285 2685 585 2768 prosperrimasunt.
630 2685 741 2767 Neque
765 2687 846 2748 enim
869 2687 957 2747 nobis
972 2698 1025 2747 aut
1039 2687 1120 2746 loco

185 2809 252 2849 rum
267 2787 375 2848 eadem
390 2787 495 2849 notitia
516 2799 569 2848 aut
583 2791 813 2847 commeatuum
836 2785 942 2847 endem
965 2785 1120 2846 abundan-

185 2889 225 2950 tia
239 2880 256 2948 τ’
271 2887 323 2948 sed
351 2908 460 2949 manus
484 2899 515 2949 ct
535 2907 619 2948 arma
641 2898 671 2947 et
693 2886 723 2946 in
745 2885 793 2948 his
820 2886 930 2946 omnia.
975 2884 1067 2957 Quod
1083 2886 1120 2946 ad

186 3009 234 3050 me
264 2988 384 3064 attinet,
405 2988 470 3070 jam
497 2987 613 3068 pridem
643 2985 719 3048 milri
746 2986 904 3048 decretum
932 2998 988 3060 est,
1018 3006 1121 3067 neque

186 3089 335 3150 exercitus
364 3110 464 3171 neque
487 3088 575 3150 ducis
604 3099 689 3169 terga
717 3099 782 3149 tuta
810 3107 890 3149 esse.
933 3083 1066 3148 Proinde
1093 3101 1120 3149 et

186 3189 311 3250 honesta
339 3210 421 3251 mors
450 3189 530 3269 turpi
558 3190 620 3250 rita
648 3189 767 3271 potior;
805 3200 835 3249 et
864 3176 1057 3250 incolumitas
1086 3208 1120 3249 ac

187 3290 280 3352 decus
303 3289 412 3353 eodem
434 3290 502 3352 loco
525 3291 583 3352 sita
605 3302 696 3352 sunt:
720 3310 778 3350 nec
800 3289 962 3372 inglorium
975 3288 1076 3364 suerit,
1094 3289 1120 3350 in

187 3392 252 3471 ipso
268 3403 413 3454 terrarum
429 3412 465 3453 ac
480 3404 604 3453 naturae
620 3391 679 3453 fine
695 3389 875 3452 cecidisse.’'

226 3488 370 3552 XXXIV.
394 3492 459 3555 “Si
475 3513 571 3554 novae
593 3503 701 3574 gentes
724 3503 814 3574 atque
830 3492 932 3574 ignota
954 3492 1037 3553 acies
1053 3511 1108 3552 con

189 3595 324 3669 stitisset,
348 3595 477 3658 aliorum
500 3595 690 3656 exercituum
718 3592 866 3674 exemplis
887 3615 943 3656 vos
972 3591 1106 3654 hortarer

189 3716 267 3758 nuno
290 3709 391 3760 vestra
405 3695 515 3760 decora
541 3705 709 3768 recensete,
725 3706 843 3760 vestros
869 3693 975 3760 oculos
1004 3693 1119 3757 interro
