2514 4154
184 321 221 379 st
489 334 519 374 c.
544 333 640 375 court.
662 332 797 374 ricinus

182 503 246 557 seu,
273 480 418 564 quicquid
443 479 557 562 ubique
583 478 781 562 magnificum
807 491 863 556 est,
890 478 922 540 in
946 478 1113 544 claritatem

182 582 246 664 ejus
261 579 372 642 referre
393 580 617 642 consensimus.
660 577 692 642 N
694 600 730 641 ec
744 578 842 641 defuit
856 577 997 641 audentia
1010 578 1115 642 Druso

182 681 385 743 Germanico:
410 679 465 743 sed
487 680 602 742 obstitit
618 679 761 741 Oceanus
777 680 808 742 in
823 700 856 741 se
871 678 962 742 simul
979 692 1069 761 atque
1084 680 1114 741 in
1165 668 1168 673 ⁸

183 781 352 845 Herculem
373 781 494 863 inquiri.
540 779 616 842 Mox
636 801 726 842 nemo
748 781 895 856 tentavit3
919 784 1115 863 sanctiusque

181 904 216 945 ac
241 881 429 944 reverentius
453 881 563 956 visum,
578 879 616 942 de
632 880 708 942 actis
723 880 850 943 deorum
872 880 1006 957 credere,
1022 902 1115 963 quam

181 984 269 1045 scire.

222 1078 352 1143 XXXV.
375 1082 535 1146 Hactenus
551 1083 582 1146 in
598 1082 799 1146 Occidentem
815 1080 1013 1145 Germaniam
1032 1086 1116 1145 novi-

181 1205 262 1246 nrus.
298 1182 334 1246 In
351 1184 594 1264 Septentrionem
610 1183 724 1267 ingenti
736 1182 817 1246 flexu
832 1181 919 1245 redit.
957 1183 1005 1245 Ac
1018 1185 1116 1263 primo

182 1284 283 1347 statim
308 1283 505 1346 Chaucorum
526 1305 613 1366 gens,
629 1304 804 1366 quanquam
825 1282 950 1363 incipiat
970 1304 988 1344 a
1010 1282 1116 1345 Frisiis

183 1408 218 1449 ac
247 1398 365 1471 partem
392 1386 500 1448 littoris
530 1397 669 1465 occupet,
699 1385 846 1461 omnium,
876 1405 952 1467 quas
979 1386 1116 1465 exposui,

183 1488 321 1570 gentium
346 1487 491 1550 lateribus
514 1486 695 1562 obtenditur,
711 1485 808 1548 donec
832 1485 864 1548 in
879 1486 1002 1548 Chattos
1019 1507 1118 1568 usque

183 1589 330 1651 sinuetur.
384 1586 465 1649 Tam
502 1588 688 1649 immensum
715 1599 863 1649 terrarum
899 1587 1031 1667 spatium
1059 1608 1118 1648 non

185 1699 286 1750 tenent
300 1699 418 1750 tantum
442 1687 572 1763 Chauci,
589 1688 644 1749 sed
666 1699 697 1748 et
718 1687 865 1769 implent:
888 1687 1020 1768 popqus
1042 1688 1119 1749 iuter

185 1785 355 1849 Germanos
380 1786 599 1861 nobilissimus,
626 1787 740 1868 quique
763 1786 1005 1869 magnitudinem
1030 1809 1117 1849 suam

186 1888 269 1950 malit
290 1887 408 1970 justitia
433 1887 530 1948 tueri:
554 1886 620 1948 sine
643 1887 818 1970 cupiditate,
842 1887 908 1949 sine
931 1888 1116 1967 impotentia,

184 1989 278 2070 quieti
294 1987 475 2069 secretique,
491 1986 575 2048 nulla
589 2000 754 2070 provocant
771 1987 860 2063 bella,
876 1987 968 2050 nullis
982 1989 1118 2067 raptibus

184 2100 236 2150 aut
250 2087 414 2149 latrociniis
438 2086 631 2167 populantur.
686 2083 727 2148 Id
764 2084 966 2169 praecipuum
999 2088 1118 2150 virtutis

184 2210 220 2250 ac
234 2188 345 2250 virium
367 2199 582 2270 argumentum
602 2199 658 2263 est,
675 2187 766 2271 quod,
782 2203 816 2252 ut
831 2190 1002 2273 superiores
1017 2202 1117 2272 agant,

184 2311 243 2351 non
259 2310 313 2370 per
334 2288 458 2372 injurias
479 2301 695 2371 assequuntur.
738 2289 885 2374 Prompta
906 2301 1008 2353 tamen
1024 2291 1119 2352 omni·

184 2391 243 2452 bus
276 2410 369 2467 arma,
399 2411 445 2467 ac,
476 2390 502 2453 si
530 2411 591 2452 res·
615 2402 731 2471 poscat,
761 2393 923 2467 exercitus,
952 2391 1118 2473 plurimum

185 2492 316 2554 virorum
332 2512 561 2574 equorumque:
585 2504 616 2553 et
629 2492 858 2574 quiescentibus
874 2491 982 2554 eadem
995 2492 1087 2554 fama.

225 2588 370 2653 XXXVI.
420 2591 458 2655 In
506 2593 599 2654 latere
652 2591 849 2654 Chaucorum
884 2594 1118 2674 Chattorumque

188 2692 339 2755 Cherusci
360 2693 486 2754 nimiam
501 2713 537 2755 ac
559 2702 745 2754 marcentem
759 2691 813 2753 diu
833 2711 942 2770 pacem
963 2690 1118 2752 illacessiti

185 2794 373 2866 nutrierunt;
397 2790 488 2867 idque
506 2791 684 2872 jucundius,
706 2813 798 2873 quam
820 2791 926 2866 tutiuS,
948 2790 1025 2853 fuit:
1049 2792 1119 2873 quia

186 2898 263 2955 inter
284 2898 466 2972 impotentes
489 2906 519 2956 et
533 2891 650 2955 validos
664 2891 743 2954 falso
765 2893 927 2974 quieseas;
951 2891 1002 2953 ubi
1027 2913 1120 2954 manu

186 2993 295 3076 agitur,
318 2991 470 3054 modestia
491 3015 527 3055 ac
548 2993 682 3077 probitas
708 2993 831 3055 nomina
853 2992 1017 3075 superioris
1040 3005 1120 3054 sunt.

189 3093 242 3166 Ita,
259 3093 311 3175 qui
327 3091 399 3154 olim
415 3083 486 3155 boni
509 3084 660 3176 aequique
678 3091 839 3168 Cherusci,
854 3113 936 3154 nunc
958 3093 1070 3155 inertes
1085 3113 1120 3155 ac

187 3193 270 3255 stulti
295 3204 461 3255 vocantur:
482 3193 600 3256 Chattis
611 3193 777 3256 victoribus
802 3193 922 3256 fortuna
947 3192 978 3255 in
1003 3195 1109 3274 sapien

189 3295 260 3358 :ianr
281 3294 386 3357 cessit.
429 3293 536 3357 Tracti
556 3295 644 3358 ruina
664 3293 892 3357 Cheruscorum
907 3306 938 3357 et
952 3293 1035 3371 Fosi,
1051 3317 1109 3357 con

186 3396 315 3458 termina
335 3416 422 3477 gens,
438 3394 633 3457 adversamm
654 3416 758 3458 rerum
772 3416 810 3457 ex
824 3415 923 3477 aequo
949 3397 1034 3472 socii,
1050 3416 1118 3459 eurr.

188 3497 219 3559 in
234 3495 377 3559 secundis
392 3497 525 3559 minores
539 3495 680 3560 fuissent.

228 3594 386 3658 XXXVII.
438 3597 583 3662 Eundem
625 3596 808 3660 Germaniae
851 3599 953 3691 sinum
994 3598 1120 3680 proximi

189 3697 314 3762 Oceano
345 3699 463 3764 Cimbri
492 3712 604 3777 tenent,
619 3721 712 3782 parvo
729 3722 810 3764 nune
825 3701 943 3777 civitas,
959 3700 1013 3762 sed
1027 3700 1120 3784 gloria
