2514 4154
515 353 685 396 roriconi.
1030 339 1065 397 61

133 521 241 585 neque,
256 514 291 565 ut
311 501 449 585 plerique
471 501 594 565 fortium
617 502 759 577 virorum,
776 502 947 577 ambitiose,
969 522 1070 584 neque

132 622 186 686 per
206 603 340 665 lamenta
360 623 467 665 rursus
482 622 520 663 ac
534 623 704 664 moerorem
726 602 914 664 muliebriter
927 601 1016 664 tulit:
1041 613 1068 664 et

132 703 162 766 in
177 702 263 765 luctu
277 703 394 765 bellum
416 704 494 765 inter
514 702 651 764 remedia
665 715 740 765 erat.
783 701 882 785 Igitur
901 703 1070 783 praemissa

132 804 241 880 classe,
258 826 337 888 quae
352 804 492 888 pluribus
506 803 583 866 locis
598 803 751 884 praedata,
767 824 914 886 magnum
929 814 960 865 et
975 804 1071 865 incer·

133 917 198 967 tum
214 917 358 967 terrorem
373 903 497 980 laceret,
513 905 655 985 expedito
671 905 816 979 exercitu,
832 904 883 966 cui
899 926 937 965 ex
951 903 1071 967 Britan·

133 1007 179 1067 nis
195 1003 376 1067 fortissimos
399 1018 429 1068 et
450 1005 541 1089 longa
562 1027 638 1086 pace
661 1005 831 1087 exploratos
852 1004 1017 1080 addiderat,
1033 1003 1071 1067 ad

133 1118 267 1168 montem
291 1105 472 1187 Grampium
493 1107 641 1187 pervenit,
663 1128 756 1189 quern
778 1106 843 1189 jam
864 1105 961 1169 hostis
991 1107 1058 1169 inse

132 1207 226 1271 derat.
292 1205 377 1272 Nam
413 1207 560 1283 Britanni,
590 1207 666 1270 nihil
693 1207 780 1270 fracti
814 1230 935 1290 pugnae
964 1209 1072 1288 prioris

133 1321 253 1384 eventu,
278 1322 308 1371 et
330 1309 478 1372 ultionem
504 1321 557 1372 aut
583 1310 741 1371 servitium
763 1321 986 1387 exspectantes,
1009 1321 1073 1370 tan·

106 1486 107 1490 Ἰ
132 1409 264 1492 demque
279 1410 361 1472 docti
386 1431 550 1472 commune
572 1409 746 1493 periculum
768 1408 930 1471 concordia
950 1408 1074 1489 propul-

133 1511 273 1585 sandum,
288 1509 493 1592 legationibus
516 1523 546 1572 et
560 1508 736 1572 foederibus
759 1510 896 1571 omnium
916 1510 1074 1572 civitatum

133 1611 213 1672 vires
236 1611 419 1688 exciverunt.
463 1608 595 1694 Jamque
618 1631 711 1692 super
725 1611 847 1694 triginta
866 1610 963 1674 millia
977 1632 1074 1672 arma-

133 1724 233 1774 torum
255 1711 489 1792 aspiciebantur,
506 1724 537 1775 et
558 1711 659 1775 adhuc
681 1711 826 1775 affluebat
848 1712 947 1775 omnis
966 1711 1075 1796 juven·

133 1825 183 1874 tus
199 1824 231 1874 et
245 1812 357 1895 quibus
380 1811 475 1875 cruda
495 1835 532 1876 ac
553 1813 658 1876 viridis
682 1825 835 1889 senectus,
852 1814 926 1876 clari
948 1813 1030 1876 bello
1045 1827 1075 1877 et

134 1935 190 1976 sua
204 1915 336 1998 quisque
351 1913 462 1977 decora
476 1927 652 1998 gestantes:
676 1936 749 1978 cum
769 1916 847 1978 inter
859 1915 963 1996 plures
978 1915 1074 1978 duces

132 2017 243 2080 virtute
270 2029 301 2080 et
322 2038 435 2100 genere
464 2030 633 2102 praestans,
656 2018 779 2080 nomine
804 2016 970 2101 Calgacus,
994 2016 1073 2098 apud

134 2130 320 2181 contractam
355 2118 583 2180 multitudinem
624 2119 776 2199 proelium
814 2130 1004 2198 poscentem,
1042 2119 1080 2181 in·

134 2217 216 2282 bunc
231 2218 358 2280 modum
372 2218 495 2280 locutus
509 2219 625 2281 fertur:

176 2313 279 2377 XXX·
303 2317 486 2390 “Quotiens
509 2339 619 2380 causas
642 2318 714 2381 belli
730 2332 761 2380 et
775 2321 991 2382 necessitatem
1006 2342 1062 2384 nos
1076 2296 1146 2319 m*

135 2431 217 2482 tram
241 2419 370 2494 intueor,
399 2439 530 2500 magnus
565 2417 641 2480 mihi
669 2418 790 2480 animus
819 2431 868 2480 est
895 2419 1075 2485 hodiernun.

135 2520 218 2582 diem
239 2540 488 2602 consensumque
509 2531 647 2581 vestrum
669 2518 791 2581 initium
811 2519 959 2583 libertatis
981 2523 1075 2584 totius

135 2619 309 2685 Britanniae
331 2619 407 2683 fore.
450 2618 534 2683 Nam
549 2632 580 2683 et
593 2619 725 2682 universi
749 2621 902 2683 servitutis
925 2635 1074 2702 expertes,

135 2736 166 2786 et
187 2723 289 2787 nullae
310 2723 390 2787 ultra
410 2735 517 2799 terrae,
541 2743 578 2785 ac
599 2743 638 2784 ne
660 2743 744 2785 mare
768 2722 893 2807 quidem
920 2745 1074 2802 securum,

135 2826 311 2888 imminente
326 2824 415 2887 nobis
437 2824 537 2887 classe
560 2823 724 2887 Romana:
748 2824 790 2887 ita
810 2824 961 2905 proelium
983 2838 1075 2909 atque

135 2947 229 3001 arma,
259 2947 338 3008 quae
368 2924 497 2989 fortibus
526 2924 663 3000 honesta,
693 2925 802 2987 eadem
830 2928 923 2988 etiam
957 2927 1075 3010 ignavis

136 3028 288 3090 tutissima
320 3040 401 3089 sunt.
458 3024 581 3088 Priores
617 3047 751 3109 pugnae,
778 3027 891 3110 quibus
927 3028 1074 3092 adversus

136 3125 294 3190 Romanos
308 3126 527 3190 rariafortuna
553 3138 702 3189 certatum
728 3143 784 3203 est,
802 3149 889 3208 spem
915 3150 951 3192 ae
975 3131 1076 3193 subsi-

137 3226 222 3289 dium
243 3229 275 3290 in
299 3229 411 3293 nostris
433 3227 576 3290 manibus
602 3226 775 3290 habebant:
799 3230 870 3312 quin
893 3231 1075 3293 nobilissimi

137 3328 229 3390 totius
245 3326 419 3391 Britanniae
442 3350 540 3412 eoque
563 3329 594 3391 in
616 3327 691 3409 ipsis
713 3329 920 3410 penetralibus
942 3331 1002 3405 siti,
1018 3351 1075 3392 nec

138 3427 334 3489 servientium
356 3429 456 3491 littora
478 3430 672 3509 aspicientes
690 3430 795 3492 oculos
820 3450 942 3512 quoqne
965 3452 982 3491 a
1004 3451 1063 3492 con

138 3540 220 3591 tactu
235 3527 449 3591 dominationis
471 3528 631 3592 inviolatos
657 3529 858 3592 habebamus,
899 3527 967 3590 Nos
984 3543 1075 3593 terra·

138 3649 206 3692 rum
235 3651 272 3691 ae
300 3629 446 3692 libertatis
472 3641 634 3705 extremos,
657 3652 801 3692 recessus
832 3630 896 3710 ipse
925 3651 961 3692 ao
991 3632 1075 3694 sinus

140 3729 239 3795 lamae
265 3731 295 3793 in
324 3730 405 3793 hunc
430 3729 512 3792 diem
541 3730 695 3793 ³efendit·
725 3752 807 3793 nunc
837 3731 983 3794 terminus
1009 3731 1075 3796 Bri·
