<?xml version="1.0" encoding="UTF-8"?>
<!DOCTYPE html PUBLIC "-//W3C//DTD XHTML 1.0 Transitional//EN"
    "http://www.w3.org/TR/xhtml1/DTD/xhtml1-transitional.dtd">
<html xmlns="http://www.w3.org/1999/xhtml" xml:lang="en" lang="en">
 <head>
  <title>
</title>
<meta http-equiv="Content-Type" content="text/html;charset=utf-8" />
  <meta name='ocr-system' content='tesseract 3.04.00' />
  <meta name='ocr-capabilities' content='ocr_page ocr_carea ocr_par ocr_line ocrx_word'/>
</head>
<body>
  <div class='ocr_page' id='page_1' title='image "./germaniaagricol02tacigoog_0069.png"; bbox 0 0 2514 4154; ppageno 0'>
   <div class='ocr_carea' id='block_1_1' title="bbox 153 300 763 358">
    <p class='ocr_par' dir='ltr' id='par_1_1' title="bbox 153 300 763 358">
     <span class='ocr_line' id='line_1_1' title="bbox 153 300 763 358; baseline 0 -3"><span class='ocrx_word' id='word_1_1' title='bbox 153 300 194 358; x_wconf 76' lang='lat'>52</span> <span class='ocrx_word' id='word_1_2' title='bbox 478 315 508 356; x_wconf 87' lang='lat' dir='ltr'>c.</span> <span class='ocrx_word' id='word_1_3' title='bbox 532 313 628 356; x_wconf 80' lang='lat' dir='ltr'>corn.</span> <span class='ocrx_word' id='word_1_4' title='bbox 653 313 763 356; x_wconf 75' lang='lat' dir='ltr'>rncrrr</span> 
     </span>
    </p>
   </div>
   <div class='ocr_carea' id='block_1_2' title="bbox 84 461 1184 3777">
    <p class='ocr_par' dir='ltr' id='par_1_2' title="bbox 153 461 1092 647">
     <span class='ocr_line' id='line_1_2' title="bbox 154 461 1092 547; baseline 0.003 -22"><span class='ocrx_word' id='word_1_5' title='bbox 154 463 234 546; x_wconf 90' lang='lat' dir='ltr'>quod</span> <span class='ocrx_word' id='word_1_6' title='bbox 263 463 383 525; x_wconf 88' lang='lat' dir='ltr'>initium</span> <span class='ocrx_word' id='word_1_7' title='bbox 411 475 557 524; x_wconf 88' lang='lat' dir='ltr'>venturae</span> <span class='ocrx_word' id='word_1_8' title='bbox 586 485 658 525; x_wconf 84' lang='lat' dir='ltr'>mox</span> <span class='ocrx_word' id='word_1_9' title='bbox 686 462 824 525; x_wconf 82' lang='lat' dir='ltr'>ftrtunae</span> <span class='ocrx_word' id='word_1_10' title='bbox 854 461 929 526; x_wconf 84' lang='lat' dir='ltr'>luit:</span> <span class='ocrx_word' id='word_1_11' title='bbox 960 463 1092 547; x_wconf 81' lang='lat' dir='ltr'>domitas</span> 
     </span>
     <span class='ocr_line' id='line_1_3' title="bbox 153 549 1050 647; baseline 0.003 -22"><span class='ocrx_word' id='word_1_12' title='bbox 153 577 269 647; x_wconf 67' lang='lat' dir='ltr'>gentes</span> <span class='ocrx_word' id='word_1_13' title='bbox 285 565 366 643; x_wconf 86' lang='lat' dir='ltr'>capti</span> <span class='ocrx_word' id='word_1_14' title='bbox 381 585 480 646; x_wconf 85' lang='lat' dir='ltr'>reges,</span> <span class='ocrx_word' id='word_1_15' title='bbox 497 576 527 626; x_wconf 89' lang='lat' dir='ltr'>et</span> <span class='ocrx_word' id='word_1_16' title='bbox 541 577 726 627; x_wconf 88' lang='lat' dir='ltr'>monstratus</span> <span class='ocrx_word' id='word_1_17' title='bbox 742 564 812 627; x_wconf 83' lang='lat' dir='ltr'>fatis</span> <span class='ocrx_word' id='word_1_18' title='bbox 831 549 1050 646; x_wconf 83' lang='lat' dir='ltr'>Vespasianus.</span> 
     </span>
    </p>

    <p class='ocr_par' dir='ltr' id='par_1_3' title="bbox 84 663 1184 2272">
     <span class='ocr_line' id='line_1_4' title="bbox 195 663 1093 746; baseline 0.001 -19"><span class='ocrx_word' id='word_1_19' title='bbox 195 663 286 727; x_wconf 86' lang='lat' dir='ltr'>XlV.</span> <span class='ocrx_word' id='word_1_20' title='bbox 317 664 534 728; x_wconf 85' lang='lat' dir='ltr'>Consularium</span> <span class='ocrx_word' id='word_1_21' title='bbox 561 667 679 746; x_wconf 92' lang='lat' dir='ltr'>primus</span> <span class='ocrx_word' id='word_1_22' title='bbox 708 666 809 728; x_wconf 83' lang='lat' dir='ltr'>Aulus</span> <span class='ocrx_word' id='word_1_23' title='bbox 838 665 979 729; x_wconf 88' lang='lat' dir='ltr'>Plautius</span> <span class='ocrx_word' id='word_1_24' title='bbox 1007 687 1093 746; x_wconf 90' lang='lat' dir='ltr'>prae·</span> 
     </span>
     <span class='ocr_line' id='line_1_5' title="bbox 153 766 1094 852; baseline 0 -24"><span class='ocrx_word' id='word_1_25' title='bbox 153 768 281 847; x_wconf 87' lang='lat' dir='ltr'>positus,</span> <span class='ocrx_word' id='word_1_26' title='bbox 305 788 341 829; x_wconf 89' lang='lat' dir='ltr'>ac</span> <span class='ocrx_word' id='word_1_27' title='bbox 364 766 493 829; x_wconf 82' lang='lat' dir='ltr'>subinde</span> <span class='ocrx_word' id='word_1_28' title='bbox 521 766 663 830; x_wconf 81' lang='lat' dir='ltr'>Ostorius</span> <span class='ocrx_word' id='word_1_29' title='bbox 688 767 838 849; x_wconf 82' lang='lat' dir='ltr'>Scapula,</span> <span class='ocrx_word' id='word_1_30' title='bbox 862 780 989 852; x_wconf 90' lang='lat' dir='ltr'>uterque</span> <span class='ocrx_word' id='word_1_31' title='bbox 1013 766 1094 829; x_wconf 91' lang='lat' dir='ltr'>bello</span> 
     </span>
     <span class='ocr_line' id='line_1_6' title="bbox 154 868 1095 952; baseline 0 -22"><span class='ocrx_word' id='word_1_32' title='bbox 154 870 317 952; x_wconf 85' lang='lat' dir='ltr'>egregius:</span> <span class='ocrx_word' id='word_1_33' title='bbox 341 868 525 951; x_wconf 90' lang='lat' dir='ltr'>redactaque</span> <span class='ocrx_word' id='word_1_34' title='bbox 546 868 694 949; x_wconf 89' lang='lat' dir='ltr'>paulatim</span> <span class='ocrx_word' id='word_1_35' title='bbox 717 870 748 931; x_wconf 92' lang='lat' dir='ltr'>in</span> <span class='ocrx_word' id='word_1_36' title='bbox 770 868 899 933; x_wconf 87' lang='lat' dir='ltr'>formam</span> <span class='ocrx_word' id='word_1_37' title='bbox 923 869 1095 951; x_wconf 88' lang='lat' dir='ltr'>provinciae</span> 
     </span>
     <span class='ocr_line' id='line_1_7' title="bbox 156 957 1184 1052; baseline 0.001 -21"><span class='ocrx_word' id='word_1_38' title='bbox 156 971 291 1050; x_wconf 83' lang='lat' dir='ltr'>proxima</span> <span class='ocrx_word' id='word_1_39' title='bbox 313 992 382 1051; x_wconf 89' lang='lat' dir='ltr'>pars</span> <span class='ocrx_word' id='word_1_40' title='bbox 403 967 598 1032; x_wconf 84' lang='lat' dir='ltr'>Britanniae:</span> <span class='ocrx_word' id='word_1_41' title='bbox 622 969 724 1032; x_wconf 88' lang='lat' dir='ltr'>addita</span> <span class='ocrx_word' id='word_1_42' title='bbox 746 970 872 1052; x_wconf 82' lang='lat' dir='ltr'>insuper</span> <span class='ocrx_word' id='word_1_43' title='bbox 885 985 1096 1035; x_wconf 85' lang='lat' dir='ltr'>veteranorum</span> <span class='ocrx_word' id='word_1_44' title='bbox 1181 957 1184 961; x_wconf 35' lang='lat'>⁵</span> 
     </span>
     <span class='ocr_line' id='line_1_8' title="bbox 155 1070 1096 1173; baseline -0.001 -39"><span class='ocrx_word' id='word_1_45' title='bbox 155 1072 293 1134; x_wconf 87' lang='lat' dir='ltr'>colonia:</span> <span class='ocrx_word' id='word_1_46' title='bbox 317 1071 469 1154; x_wconf 87' lang='lat' dir='ltr'>quaedam</span> <span class='ocrx_word' id='word_1_47' title='bbox 491 1072 630 1133; x_wconf 89' lang='lat' dir='ltr'>civitates</span> <span class='ocrx_word' id='word_1_48' title='bbox 647 1070 811 1163; x_wconf 84' lang='lat' dir='ltr'>Cogiduno</span> <span class='ocrx_word' id='word_1_49' title='bbox 833 1075 898 1156; x_wconf 86' lang='lat' dir='ltr'>regi</span> <span class='ocrx_word' id='word_1_50' title='bbox 913 1074 1042 1173; x_wconf 74' lang='lat' dir='ltr'>donape</span> <span class='ocrx_word' id='word_1_51' title='bbox 1056 1074 1096 1152; x_wconf 87' lang='lat' dir='ltr'>(is</span> 
     </span>
     <span class='ocr_line' id='line_1_9' title="bbox 158 1173 1097 1256; baseline 0 -22"><span class='ocrx_word' id='word_1_52' title='bbox 158 1174 193 1236; x_wconf 75' lang='lat' dir='ltr'>ad</span> <span class='ocrx_word' id='word_1_53' title='bbox 222 1186 355 1235; x_wconf 87' lang='lat' dir='ltr'>nostram</span> <span class='ocrx_word' id='word_1_54' title='bbox 386 1194 484 1256; x_wconf 91' lang='lat' dir='ltr'>usque</span> <span class='ocrx_word' id='word_1_55' title='bbox 513 1173 694 1235; x_wconf 84' lang='lat' dir='ltr'>memoriam</span> <span class='ocrx_word' id='word_1_56' title='bbox 719 1173 888 1236; x_wconf 90' lang='lat' dir='ltr'>fidissimus</span> <span class='ocrx_word' id='word_1_57' title='bbox 916 1175 1043 1253; x_wconf 89' lang='lat' dir='ltr'>mansit)</span> <span class='ocrx_word' id='word_1_58' title='bbox 1065 1188 1097 1235; x_wconf 89' lang='lat' dir='ltr'>ut</span> 
     </span>
     <span class='ocr_line' id='line_1_10' title="bbox 158 1274 1097 1359; baseline 0 -23"><span class='ocrx_word' id='word_1_59' title='bbox 158 1288 258 1338; x_wconf 88' lang='lat' dir='ltr'>vetere</span> <span class='ocrx_word' id='word_1_60' title='bbox 288 1297 324 1337; x_wconf 92' lang='lat' dir='ltr'>ac</span> <span class='ocrx_word' id='word_1_61' title='bbox 349 1276 414 1358; x_wconf 84' lang='lat' dir='ltr'>jam</span> <span class='ocrx_word' id='word_1_62' title='bbox 442 1274 560 1356; x_wconf 85' lang='lat' dir='ltr'>pridem</span> <span class='ocrx_word' id='word_1_63' title='bbox 588 1289 711 1356; x_wconf 90' lang='lat' dir='ltr'>recepta</span> <span class='ocrx_word' id='word_1_64' title='bbox 739 1276 843 1359; x_wconf 94' lang='lat' dir='ltr'>populi</span> <span class='ocrx_word' id='word_1_65' title='bbox 871 1275 1002 1339; x_wconf 91' lang='lat' dir='ltr'>Romani</span> <span class='ocrx_word' id='word_1_66' title='bbox 1027 1297 1097 1337; x_wconf 90' lang='lat' dir='ltr'>con·</span> 
     </span>
     <span class='ocr_line' id='line_1_11' title="bbox 156 1376 1097 1459; baseline 0.001 -22"><span class='ocrx_word' id='word_1_67' title='bbox 156 1377 330 1452; x_wconf 77' lang='lat' dir='ltr'>suetudine,</span> <span class='ocrx_word' id='word_1_68' title='bbox 360 1376 485 1439; x_wconf 89' lang='lat' dir='ltr'>haberet</span> <span class='ocrx_word' id='word_1_69' title='bbox 522 1378 723 1440; x_wconf 88' lang='lat' dir='ltr'>instrumenta</span> <span class='ocrx_word' id='word_1_70' title='bbox 756 1379 910 1440; x_wconf 84' lang='lat' dir='ltr'>servitutis</span> <span class='ocrx_word' id='word_1_71' title='bbox 939 1390 970 1440; x_wconf 91' lang='lat' dir='ltr'>et</span> <span class='ocrx_word' id='word_1_72' title='bbox 997 1397 1097 1459; x_wconf 83' lang='lat' dir='ltr'>reges.</span> 
     </span>
     <span class='ocr_line' id='line_1_12' title="bbox 157 1478 1098 1569; baseline -0.002 -27"><span class='ocrx_word' id='word_1_73' title='bbox 157 1478 232 1542; x_wconf 82' lang='lat' dir='ltr'>Mox</span> <span class='ocrx_word' id='word_1_74' title='bbox 247 1479 359 1543; x_wconf 90' lang='lat' dir='ltr'>Didius</span> <span class='ocrx_word' id='word_1_75' title='bbox 376 1479 486 1542; x_wconf 83' lang='lat' dir='ltr'>Gallus</span> <span class='ocrx_word' id='word_1_76' title='bbox 509 1492 594 1564; x_wconf 90' lang='lat' dir='ltr'>parta</span> <span class='ocrx_word' id='word_1_77' title='bbox 608 1501 626 1541; x_wconf 94' lang='lat' dir='ltr'>a</span> <span class='ocrx_word' id='word_1_78' title='bbox 641 1479 792 1564; x_wconf 86' lang='lat' dir='ltr'>prioribus</span> <span class='ocrx_word' id='word_1_79' title='bbox 819 1482 975 1556; x_wconf 85' lang='lat' dir='ltr'>continuit,</span> <span class='ocrx_word' id='word_1_80' title='bbox 990 1480 1098 1569; x_wconf 78' lang='lat' dir='ltr'>paucis</span> 
     </span>
     <span class='ocr_line' id='line_1_13' title="bbox 156 1581 1098 1664; baseline 0 -22"><span class='ocrx_word' id='word_1_81' title='bbox 156 1581 321 1642; x_wconf 86' lang='lat' dir='ltr'>admodum</span> <span class='ocrx_word' id='word_1_82' title='bbox 350 1581 485 1642; x_wconf 87' lang='lat' dir='ltr'>castellis</span> <span class='ocrx_word' id='word_1_83' title='bbox 515 1582 546 1642; x_wconf 94' lang='lat' dir='ltr'>in</span> <span class='ocrx_word' id='word_1_84' title='bbox 574 1581 718 1643; x_wconf 88' lang='lat' dir='ltr'>ulteriora</span> <span class='ocrx_word' id='word_1_85' title='bbox 752 1583 908 1663; x_wconf 91' lang='lat' dir='ltr'>promotis,</span> <span class='ocrx_word' id='word_1_86' title='bbox 937 1603 992 1662; x_wconf 86' lang='lat' dir='ltr'>per</span> <span class='ocrx_word' id='word_1_87' title='bbox 1020 1601 1098 1664; x_wconf 90' lang='lat' dir='ltr'>quae</span> 
     </span>
     <span class='ocr_line' id='line_1_14' title="bbox 156 1681 1098 1763; baseline -0.001 -20"><span class='ocrx_word' id='word_1_88' title='bbox 156 1681 238 1743; x_wconf 82' lang='lat' dir='ltr'>fama</span> <span class='ocrx_word' id='word_1_89' title='bbox 274 1682 355 1743; x_wconf 88' lang='lat' dir='ltr'>aucti</span> <span class='ocrx_word' id='word_1_90' title='bbox 392 1681 485 1743; x_wconf 89' lang='lat' dir='ltr'>officii</span> <span class='ocrx_word' id='word_1_91' title='bbox 522 1696 729 1763; x_wconf 88' lang='lat' dir='ltr'>quaereretur.</span> <span class='ocrx_word' id='word_1_92' title='bbox 782 1683 911 1745; x_wconf 91' lang='lat' dir='ltr'>Didium</span> <span class='ocrx_word' id='word_1_93' title='bbox 948 1681 1098 1745; x_wconf 88' lang='lat' dir='ltr'>Veranius</span> 
     </span>
     <span class='ocr_line' id='line_1_15' title="bbox 156 1782 1098 1863; baseline -0.002 -18"><span class='ocrx_word' id='word_1_94' title='bbox 156 1784 285 1863; x_wconf 83' lang='lat' dir='ltr'>excepit,</span> <span class='ocrx_word' id='word_1_95' title='bbox 316 1783 404 1863; x_wconf 91' lang='lat' dir='ltr'>isque</span> <span class='ocrx_word' id='word_1_96' title='bbox 441 1782 519 1843; x_wconf 90' lang='lat' dir='ltr'>intra</span> <span class='ocrx_word' id='word_1_97' title='bbox 554 1803 667 1843; x_wconf 90' lang='lat' dir='ltr'>annum</span> <span class='ocrx_word' id='word_1_98' title='bbox 705 1785 873 1844; x_wconf 87' lang='lat' dir='ltr'>exstinctus</span> <span class='ocrx_word' id='word_1_99' title='bbox 909 1795 966 1844; x_wconf 88' lang='lat' dir='ltr'>est.</span> <span class='ocrx_word' id='word_1_100' title='bbox 1002 1782 1098 1859; x_wconf 26' lang='lat' dir='ltr'>,Sue-</span> 
     </span>
     <span class='ocr_line' id='line_1_16' title="bbox 156 1879 1098 1967; baseline -0.002 -21"><span class='ocrx_word' id='word_1_101' title='bbox 156 1886 257 1946; x_wconf 88' lang='lat' dir='ltr'>tonius</span> <span class='ocrx_word' id='word_1_102' title='bbox 287 1883 358 1945; x_wconf 87' lang='lat' dir='ltr'>hinc</span> <span class='ocrx_word' id='word_1_103' title='bbox 380 1879 538 1944; x_wconf 89' lang='lat' dir='ltr'>Paullinus</span> <span class='ocrx_word' id='word_1_104' title='bbox 567 1883 690 1944; x_wconf 90' lang='lat' dir='ltr'>hiennio</span> <span class='ocrx_word' id='word_1_105' title='bbox 718 1905 880 1967; x_wconf 83' lang='lat' dir='ltr'>prosperas</span> <span class='ocrx_word' id='word_1_106' title='bbox 909 1905 959 1944; x_wconf 85' lang='lat' dir='ltr'>res</span> <span class='ocrx_word' id='word_1_107' title='bbox 983 1883 1098 1957; x_wconf 86' lang='lat' dir='ltr'>habuit,</span> 
     </span>
     <span class='ocr_line' id='line_1_17' title="bbox 84 1984 1098 2067; baseline 0 -20"><span class='ocrx_word' id='word_1_108' title='bbox 84 1995 89 2004; x_wconf 86' lang='lat'>&#39;</span> <span class='ocrx_word' id='word_1_109' title='bbox 157 1987 293 2047; x_wconf 90' lang='lat' dir='ltr'>subactis</span> <span class='ocrx_word' id='word_1_110' title='bbox 323 1984 497 2046; x_wconf 90' lang='lat' dir='ltr'>nationibus</span> <span class='ocrx_word' id='word_1_111' title='bbox 526 1984 716 2066; x_wconf 88' lang='lat' dir='ltr'>firmatisque</span> <span class='ocrx_word' id='word_1_112' title='bbox 746 1984 930 2064; x_wconf 88' lang='lat' dir='ltr'>praesidiis:</span> <span class='ocrx_word' id='word_1_113' title='bbox 968 2005 1098 2067; x_wconf 88' lang='lat' dir='ltr'>quorum</span> 
     </span>
     <span class='ocr_line' id='line_1_18' title="bbox 157 2085 1098 2160; baseline -0.002 -11"><span class='ocrx_word' id='word_1_114' title='bbox 157 2087 270 2149; x_wconf 88' lang='lat' dir='ltr'>fiducia</span> <span class='ocrx_word' id='word_1_115' title='bbox 287 2086 413 2149; x_wconf 90' lang='lat' dir='ltr'>Monam</span> <span class='ocrx_word' id='word_1_116' title='bbox 436 2085 578 2160; x_wconf 90' lang='lat' dir='ltr'>insulam,</span> <span class='ocrx_word' id='word_1_117' title='bbox 594 2097 630 2146; x_wconf 88' lang='lat' dir='ltr'>ut</span> <span class='ocrx_word' id='word_1_118' title='bbox 644 2087 724 2147; x_wconf 90' lang='lat' dir='ltr'>vires</span> <span class='ocrx_word' id='word_1_119' title='bbox 746 2085 911 2148; x_wconf 88' lang='lat' dir='ltr'>rebellibus</span> <span class='ocrx_word' id='word_1_120' title='bbox 927 2087 1098 2148; x_wconf 87' lang='lat' dir='ltr'>ministran-</span> 
     </span>
     <span class='ocr_line' id='line_1_19' title="bbox 157 2186 866 2272; baseline 0 -22"><span class='ocrx_word' id='word_1_121' title='bbox 157 2202 229 2261; x_wconf 87' lang='lat' dir='ltr'>tem,</span> <span class='ocrx_word' id='word_1_122' title='bbox 245 2209 421 2272; x_wconf 81' lang='lat' dir='ltr'>aggressus,</span> <span class='ocrx_word' id='word_1_123' title='bbox 436 2199 524 2270; x_wconf 80' lang='lat' dir='ltr'>tcrga</span> <span class='ocrx_word' id='word_1_124' title='bbox 539 2188 693 2249; x_wconf 87' lang='lat' dir='ltr'>occasioni</span> <span class='ocrx_word' id='word_1_125' title='bbox 711 2186 866 2268; x_wconf 81' lang='lat' dir='ltr'>patefecit.</span> 
     </span>
    </p>

    <p class='ocr_par' dir='ltr' id='par_1_4' title="bbox 93 2289 1134 3777">
     <span class='ocr_line' id='line_1_20' title="bbox 199 2289 1099 2373; baseline 0 -19"><span class='ocrx_word' id='word_1_126' title='bbox 199 2290 272 2354; x_wconf 88' lang='lat' dir='ltr'>XV.</span> <span class='ocrx_word' id='word_1_127' title='bbox 298 2290 442 2373; x_wconf 91' lang='lat' dir='ltr'>Namque</span> <span class='ocrx_word' id='word_1_128' title='bbox 458 2290 596 2351; x_wconf 90' lang='lat' dir='ltr'>absentia</span> <span class='ocrx_word' id='word_1_129' title='bbox 610 2289 702 2372; x_wconf 83' lang='lat' dir='ltr'>legati</span> <span class='ocrx_word' id='word_1_130' title='bbox 719 2305 835 2353; x_wconf 84' lang='lat' dir='ltr'>remoto</span> <span class='ocrx_word' id='word_1_131' title='bbox 850 2305 945 2367; x_wconf 88' lang='lat' dir='ltr'>metu,</span> <span class='ocrx_word' id='word_1_132' title='bbox 962 2291 1099 2354; x_wconf 77' lang='lat' dir='ltr'>Britanni</span> 
     </span>
     <span class='ocr_line' id='line_1_21' title="bbox 157 2391 1099 2478; baseline 0 -22"><span class='ocrx_word' id='word_1_133' title='bbox 157 2395 271 2478; x_wconf 85' lang='lat' dir='ltr'>agitare</span> <span class='ocrx_word' id='word_1_134' title='bbox 293 2395 371 2456; x_wconf 90' lang='lat' dir='ltr'>inter</span> <span class='ocrx_word' id='word_1_135' title='bbox 394 2413 427 2454; x_wconf 90' lang='lat' dir='ltr'>se</span> <span class='ocrx_word' id='word_1_136' title='bbox 457 2391 537 2455; x_wconf 88' lang='lat' dir='ltr'>mala</span> <span class='ocrx_word' id='word_1_137' title='bbox 567 2393 731 2468; x_wconf 69' lang='lat' dir='ltr'>servitutis</span> <span class='ocrx_word' id='word_1_138' title='bbox 756 2393 892 2456; x_wconf 86' lang='lat' dir='ltr'>conferre</span> <span class='ocrx_word' id='word_1_139' title='bbox 921 2394 1046 2478; x_wconf 88' lang='lat' dir='ltr'>injurias</span> <span class='ocrx_word' id='word_1_140' title='bbox 1070 2407 1099 2456; x_wconf 87' lang='lat' dir='ltr'>et</span> 
     </span>
     <span class='ocr_line' id='line_1_22' title="bbox 156 2492 1099 2578; baseline -0.002 -20"><span class='ocrx_word' id='word_1_141' title='bbox 156 2494 379 2577; x_wconf 86' lang='lat' dir='ltr'>interpretando</span> <span class='ocrx_word' id='word_1_142' title='bbox 400 2492 587 2556; x_wconf 87' lang='lat' dir='ltr'>accendere:</span> <span class='ocrx_word' id='word_1_143' title='bbox 611 2493 685 2555; x_wconf 90' lang='lat' dir='ltr'>nihil</span> <span class='ocrx_word' id='word_1_144' title='bbox 701 2494 806 2578; x_wconf 90' lang='lat' dir='ltr'>profici</span> <span class='ocrx_word' id='word_1_145' title='bbox 821 2495 975 2574; x_wconf 88' lang='lat' dir='ltr'>patientia,</span> <span class='ocrx_word' id='word_1_146' title='bbox 992 2496 1051 2557; x_wconf 93' lang='lat' dir='ltr'>nisi</span> <span class='ocrx_word' id='word_1_147' title='bbox 1067 2508 1099 2556; x_wconf 92' lang='lat' dir='ltr'>ut</span> 
     </span>
     <span class='ocr_line' id='line_1_23' title="bbox 157 2594 1097 2710; baseline -0.005 -49"><span class='ocrx_word' id='word_1_148' title='bbox 157 2600 304 2682; x_wconf 83' lang='lat' dir='ltr'>graviora,</span> <span class='ocrx_word' id='word_1_149' title='bbox 320 2610 464 2679; x_wconf 74' lang='lat' dir='ltr'>*anquam</span> <span class='ocrx_word' id='word_1_150' title='bbox 490 2618 528 2658; x_wconf 82' lang='lat' dir='ltr'>ex</span> <span class='ocrx_word' id='word_1_151' title='bbox 549 2594 632 2657; x_wconf 82' lang='lat' dir='ltr'>facili</span> <span class='ocrx_word' id='word_1_152' title='bbox 658 2596 866 2669; x_wconf 82' lang='lat' dir='ltr'>tolerantibus,</span> <span class='ocrx_word' id='word_1_153' title='bbox 889 2597 1097 2710; x_wconf 52' lang='lat' dir='ltr'>imperentur:</span> 
     </span>
     <span class='ocr_line' id='line_1_24' title="bbox 93 2696 1098 2785; baseline -0.003 -23"><span class='ocrx_word' id='word_1_154' title='bbox 93 2701 95 2705; x_wconf 72' lang='grc'>’</span> <span class='ocrx_word' id='word_1_155' title='bbox 157 2700 294 2782; x_wconf 84' lang='lat' dir='ltr'>singulos</span> <span class='ocrx_word' id='word_1_156' title='bbox 310 2699 368 2761; x_wconf 91' lang='lat' dir='ltr'>sibi</span> <span class='ocrx_word' id='word_1_157' title='bbox 384 2698 455 2760; x_wconf 81' lang='lat' dir='ltr'>olim</span> <span class='ocrx_word' id='word_1_158' title='bbox 479 2719 567 2780; x_wconf 85' lang='lat' dir='ltr'>reges</span> <span class='ocrx_word' id='word_1_159' title='bbox 582 2696 690 2785; x_wconf 84' lang='lat' dir='ltr'>fuisse,</span> <span class='ocrx_word' id='word_1_160' title='bbox 707 2718 789 2759; x_wconf 86' lang='lat' dir='ltr'>nunc</span> <span class='ocrx_word' id='word_1_161' title='bbox 811 2697 899 2759; x_wconf 92' lang='lat' dir='ltr'>binos</span> <span class='ocrx_word' id='word_1_162' title='bbox 923 2699 1057 2777; x_wconf 83' lang='lat' dir='ltr'>imponi:</span> <span class='ocrx_word' id='word_1_163' title='bbox 1082 2719 1098 2759; x_wconf 94' lang='lat' dir='ltr'>e</span> 
     </span>
     <span class='ocr_line' id='line_1_25' title="bbox 157 2799 1134 2883; baseline -0.003 -20"><span class='ocrx_word' id='word_1_164' title='bbox 157 2802 269 2883; x_wconf 85' lang='lat' dir='ltr'>quibus</span> <span class='ocrx_word' id='word_1_165' title='bbox 304 2799 424 2882; x_wconf 87' lang='lat' dir='ltr'>legatus</span> <span class='ocrx_word' id='word_1_166' title='bbox 461 2800 493 2861; x_wconf 91' lang='lat' dir='ltr'>in</span> <span class='ocrx_word' id='word_1_167' title='bbox 529 2799 720 2881; x_wconf 88' lang='lat' dir='ltr'>sanguinem,</span> <span class='ocrx_word' id='word_1_168' title='bbox 749 2810 925 2879; x_wconf 89' lang='lat' dir='ltr'>procurator</span> <span class='ocrx_word' id='word_1_169' title='bbox 960 2800 992 2860; x_wconf 91' lang='lat' dir='ltr'>in</span> <span class='ocrx_word' id='word_1_170' title='bbox 1018 2799 1098 2860; x_wconf 90' lang='lat' dir='ltr'>bona</span> <span class='ocrx_word' id='word_1_171' title='bbox 1130 2830 1134 2836; x_wconf 28' lang='lat' dir='ltr'>r</span> 
     </span>
     <span class='ocr_line' id='line_1_26' title="bbox 158 2898 1098 2982; baseline -0.002 -20"><span class='ocrx_word' id='word_1_172' title='bbox 158 2902 288 2963; x_wconf 88' lang='lat' dir='ltr'>saeviret</span> <span class='ocrx_word' id='word_1_173' title='bbox 357 2900 467 2982; x_wconf 87' lang='lat' dir='ltr'>Aeque</span> <span class='ocrx_word' id='word_1_174' title='bbox 499 2898 683 2962; x_wconf 87' lang='lat' dir='ltr'>discordiam</span> <span class='ocrx_word' id='word_1_175' title='bbox 719 2900 969 2981; x_wconf 86' lang='lat' dir='ltr'>praepositorum,</span> <span class='ocrx_word' id='word_1_176' title='bbox 1000 2921 1098 2982; x_wconf 90' lang='lat' dir='ltr'>acque</span> 
     </span>
     <span class='ocr_line' id='line_1_27' title="bbox 158 3002 1098 3084; baseline -0.001 -20"><span class='ocrx_word' id='word_1_177' title='bbox 158 3003 361 3077; x_wconf 88' lang='lat' dir='ltr'>concordiam,</span> <span class='ocrx_word' id='word_1_178' title='bbox 378 3002 524 3084; x_wconf 86' lang='lat' dir='ltr'>subjectis</span> <span class='ocrx_word' id='word_1_179' title='bbox 547 3003 727 3064; x_wconf 83' lang='lat' dir='ltr'>exitiosam:</span> <span class='ocrx_word' id='word_1_180' title='bbox 751 3002 875 3065; x_wconf 88' lang='lat' dir='ltr'>alterius</span> <span class='ocrx_word' id='word_1_181' title='bbox 898 3023 1007 3062; x_wconf 91' lang='lat' dir='ltr'>manus</span> <span class='ocrx_word' id='word_1_182' title='bbox 1028 3023 1098 3063; x_wconf 90' lang='lat' dir='ltr'>cen-</span> 
     </span>
     <span class='ocr_line' id='line_1_28' title="bbox 158 3102 1097 3177; baseline 0.001 -11"><span class='ocrx_word' id='word_1_183' title='bbox 158 3105 302 3177; x_wconf 76' lang='lat' dir='ltr'>turioneS,</span> <span class='ocrx_word' id='word_1_184' title='bbox 320 3103 445 3164; x_wconf 88' lang='lat' dir='ltr'>alterius</span> <span class='ocrx_word' id='word_1_185' title='bbox 469 3125 572 3165; x_wconf 84' lang='lat' dir='ltr'>servos</span> <span class='ocrx_word' id='word_1_186' title='bbox 595 3105 658 3167; x_wconf 91' lang='lat' dir='ltr'>vim</span> <span class='ocrx_word' id='word_1_187' title='bbox 681 3117 711 3165; x_wconf 89' lang='lat' dir='ltr'>et</span> <span class='ocrx_word' id='word_1_188' title='bbox 733 3102 934 3166; x_wconf 88' lang='lat' dir='ltr'>contumelias</span> <span class='ocrx_word' id='word_1_189' title='bbox 956 3103 1097 3167; x_wconf 90' lang='lat' dir='ltr'>miscere.</span> 
     </span>
     <span class='ocr_line' id='line_1_29' title="bbox 161 3204 1097 3290; baseline -0.001 -21"><span class='ocrx_word' id='word_1_190' title='bbox 161 3205 244 3270; x_wconf 90' lang='lat' dir='ltr'>Nihil</span> <span class='ocrx_word' id='word_1_191' title='bbox 277 3205 341 3290; x_wconf 85' lang='lat' dir='ltr'>jam</span> <span class='ocrx_word' id='word_1_192' title='bbox 378 3204 545 3285; x_wconf 85' lang='lat' dir='ltr'>cupiditati,</span> <span class='ocrx_word' id='word_1_193' title='bbox 579 3205 654 3267; x_wconf 89' lang='lat' dir='ltr'>nihil</span> <span class='ocrx_word' id='word_1_194' title='bbox 689 3204 807 3267; x_wconf 93' lang='lat' dir='ltr'>libidini</span> <span class='ocrx_word' id='word_1_195' title='bbox 842 3218 1030 3286; x_wconf 86' lang='lat' dir='ltr'>exceptum:</span> <span class='ocrx_word' id='word_1_196' title='bbox 1068 3208 1097 3270; x_wconf 89' lang='lat' dir='ltr'>in</span> 
     </span>
     <span class='ocr_line' id='line_1_30' title="bbox 159 3305 1097 3393; baseline 0.002 -23"><span class='ocrx_word' id='word_1_197' title='bbox 159 3309 271 3390; x_wconf 84' lang='lat' dir='ltr'>proelio</span> <span class='ocrx_word' id='word_1_198' title='bbox 298 3306 453 3368; x_wconf 87' lang='lat' dir='ltr'>fortiorem</span> <span class='ocrx_word' id='word_1_199' title='bbox 475 3327 555 3380; x_wconf 85' lang='lat' dir='ltr'>esse,</span> <span class='ocrx_word' id='word_1_200' title='bbox 579 3307 631 3389; x_wconf 93' lang='lat' dir='ltr'>qui</span> <span class='ocrx_word' id='word_1_201' title='bbox 658 3305 786 3385; x_wconf 89' lang='lat' dir='ltr'>spoliet:</span> <span class='ocrx_word' id='word_1_202' title='bbox 816 3327 897 3368; x_wconf 89' lang='lat' dir='ltr'>nunc</span> <span class='ocrx_word' id='word_1_203' title='bbox 919 3307 957 3368; x_wconf 93' lang='lat' dir='ltr'>ab</span> <span class='ocrx_word' id='word_1_204' title='bbox 980 3309 1097 3393; x_wconf 83' lang='lat' dir='ltr'>ignavis</span> 
     </span>
     <span class='ocr_line' id='line_1_31' title="bbox 159 3408 1097 3494; baseline 0.002 -21"><span class='ocrx_word' id='word_1_205' title='bbox 159 3411 338 3494; x_wconf 86' lang='lat' dir='ltr'>plerumque</span> <span class='ocrx_word' id='word_1_206' title='bbox 354 3423 385 3472; x_wconf 91' lang='lat' dir='ltr'>et</span> <span class='ocrx_word' id='word_1_207' title='bbox 400 3409 575 3472; x_wconf 89' lang='lat' dir='ltr'>imbellibus</span> <span class='ocrx_word' id='word_1_208' title='bbox 597 3409 673 3489; x_wconf 91' lang='lat' dir='ltr'>eripi</span> <span class='ocrx_word' id='word_1_209' title='bbox 687 3408 805 3483; x_wconf 82' lang='lat' dir='ltr'>domos,</span> <span class='ocrx_word' id='word_1_210' title='bbox 822 3409 954 3473; x_wconf 88' lang='lat' dir='ltr'>abstrahi</span> <span class='ocrx_word' id='word_1_211' title='bbox 975 3411 1097 3488; x_wconf 80' lang='lat' dir='ltr'>liberos,</span> 
     </span>
     <span class='ocr_line' id='line_1_32' title="bbox 159 3511 1096 3596; baseline 0.002 -22"><span class='ocrx_word' id='word_1_212' title='bbox 159 3511 273 3596; x_wconf 85' lang='lat' dir='ltr'>injungi</span> <span class='ocrx_word' id='word_1_213' title='bbox 301 3511 451 3586; x_wconf 89' lang='lat' dir='ltr'>delectus,</span> <span class='ocrx_word' id='word_1_214' title='bbox 482 3524 627 3593; x_wconf 89' lang='lat' dir='ltr'>tanquam</span> <span class='ocrx_word' id='word_1_215' title='bbox 663 3511 739 3572; x_wconf 91' lang='lat' dir='ltr'>mori</span> <span class='ocrx_word' id='word_1_216' title='bbox 768 3523 884 3572; x_wconf 89' lang='lat' dir='ltr'>tantum</span> <span class='ocrx_word' id='word_1_217' title='bbox 913 3532 968 3592; x_wconf 91' lang='lat' dir='ltr'>pro</span> <span class='ocrx_word' id='word_1_218' title='bbox 1003 3514 1096 3594; x_wconf 88' lang='lat' dir='ltr'>patria</span> 
     </span>
     <span class='ocr_line' id='line_1_33' title="bbox 159 3612 1097 3696; baseline 0.002 -22"><span class='ocrx_word' id='word_1_219' title='bbox 159 3613 388 3677; x_wconf 88' lang='lat' dir='ltr'>nescientibus:</span> <span class='ocrx_word' id='word_1_220' title='bbox 412 3612 592 3696; x_wconf 90' lang='lat' dir='ltr'>quantulum</span> <span class='ocrx_word' id='word_1_221' title='bbox 622 3613 704 3674; x_wconf 91' lang='lat' dir='ltr'>enim</span> <span class='ocrx_word' id='word_1_222' title='bbox 732 3612 878 3674; x_wconf 88' lang='lat' dir='ltr'>transisse</span> <span class='ocrx_word' id='word_1_223' title='bbox 904 3613 1045 3690; x_wconf 91' lang='lat' dir='ltr'>militum,</span> <span class='ocrx_word' id='word_1_224' title='bbox 1072 3614 1097 3676; x_wconf 86' lang='lat' dir='ltr'>si</span> 
     </span>
     <span class='ocr_line' id='line_1_34' title="bbox 159 3711 1094 3777; baseline 0 -3"><span class='ocrx_word' id='word_1_225' title='bbox 159 3735 228 3775; x_wconf 76' lang='lat' dir='ltr'>sese</span> <span class='ocrx_word' id='word_1_226' title='bbox 255 3713 393 3777; x_wconf 89' lang='lat' dir='ltr'>Britanni</span> <span class='ocrx_word' id='word_1_227' title='bbox 422 3719 607 3777; x_wconf 65' lang='lat' dir='ltr'>numerent!</span> <span class='ocrx_word' id='word_1_228' title='bbox 636 3734 681 3776; x_wconf 80' lang='lat' dir='ltr'>sic</span> <span class='ocrx_word' id='word_1_229' title='bbox 712 3711 895 3776; x_wconf 87' lang='lat' dir='ltr'>Germanias</span> <span class='ocrx_word' id='word_1_230' title='bbox 924 3717 1094 3776; x_wconf 74' lang='lat' dir='ltr'>excussisse</span> 
     </span>
    </p>
   </div>
   <div class='ocr_carea' id='block_1_3' title="bbox 0 0 1265 4154">
    <p class='ocr_par' dir='ltr' id='par_1_5' title="bbox 0 0 1265 4154">
     <span class='ocr_line' id='line_1_35' title="bbox 0 0 1265 4154; baseline 0 0"><span class='ocrx_word' id='word_1_231' title='bbox 0 0 1265 4154; x_wconf 95' lang='lat' dir='ltr'> </span> 
     </span>
    </p>
   </div>
  </div>
 </body>
</html>
