2514 4154
498 324 539 367 ns
564 323 734 368 castratus
1052 312 1091 368 ‘25

157 469 235 553 ignis
250 468 430 545 remedium,
444 468 508 531 sive
525 469 644 530 inscitia
659 465 838 529 aedificandi
887 462 918 526 N
920 485 936 524 c
952 483 1092 526 caemen-

157 584 255 634 torum
270 569 397 654 quidem
411 570 492 650 apud
507 570 575 632 illos
591 582 643 631 aut
658 567 830 652 tegularum
845 585 943 628 usus:
967 565 1090 626 materia

156 673 194 734 ad
217 673 319 734 omnia
341 682 467 733 utuntur
488 670 610 732 informi
625 682 655 731 et
669 671 744 732 citra
767 669 903 752 speciem
925 678 978 727 aut
992 664 1092 727 delec-

156 775 311 835 tationem.
356 769 517 846 Quaedam
540 770 608 833 loc'a
623 770 799 853 diligentius
822 769 942 831 illinunt
958 781 1037 828 terra
1053 767 1093 828 ita

157 894 232 954 pura
246 894 283 935 ac
298 872 486 954 splendente,
500 883 534 934 ut
544 872 693 952 picturam
708 892 745 932 ac
760 869 943 932 lineamenta
957 867 1093 930 colorum

157 975 302 1036 imitetur.
347 970 454 1034 Solent
468 984 499 1033 et
514 972 726 1033 subterraneos
749 991 862 1050 specus
884 968 1010 1048 aperire,
1027 988 1092 1028 eos·

157 1095 217 1156 que
251 1073 348 1136 multo
381 1074 507 1158 insuper
535 1073 618 1134 limo-
637 1084 770 1147 onerant,
802 1070 971 1153 suffugium
999 1067 1092 1130 hiemi

157 1188 188 1236 et
215 1174 444 1254 receptaculum
474 1173 638 1257 frugibus:
676 1174 748 1255 quia
782 1173 915 1271 rigorem
948 1170 1094 1253 frigorum

157 1276 308 1361 ejusmodi
329 1276 406 1337 locis
422 1275 581 1336 molliunt:
605 1287 644 1349 et,
661 1274 823 1355 siquando
845 1273 940 1335 bostis
963 1272 1093 1344 advenit,

158 1389 261 1459 aperta
283 1375 453 1456 populatur,
477 1374 579 1435 abdita
607 1386 710 1435 autern
733 1386 764 1434 et
784 1372 908 1435 defossa
936 1385 988 1433 aut
1011 1372 1095 1452 igno·

160 1490 270 1551 rantur,
287 1489 340 1537 aut
355 1497 392 1535 co
407 1476 473 1554 ipso
488 1473 605 1548 fallunt,
622 1473 704 1554 quod
719 1472 892 1555 quaerenda
907 1484 987 1533 sunt.

203 1575 308 1637 XVII.
331 1574 495 1656 Tegumen
525 1573 667 1634 omnibus
696 1594 817 1656 sagum,
846 1573 948 1648 fibula,
978 1585 1041 1646 aut,
1070 1594 1095 1634 st

159 1677 248 1751 desit,
266 1676 352 1757 spina
374 1686 568 1735 consertum:
592 1687 693 1735 cetera
714 1674 818 1736 intecti
832 1686 911 1737 totos
925 1674 992 1736 dics
1011 1673 1095 1758 juxta

162 1779 263 1840 focum
278 1790 369 1859 atquc
392 1776 495 1858 ignem
517 1787 621 1857 agunt.
668 1773 917 1855 Locupletissimi
932 1789 1017 1838 veste
1035 1775 1095 1836 dis·

162 1881 349 1960 tinguuntur,
370 1899 430 1938 non
458 1875 607 1950 fluitante,
628 1876 709 1939 sicut
732 1876 889 1939 Sarmatae
915 1898 951 1938 ac
980 1875 1095 1950 Parthi,

162 1979 217 2042 sed
242 1980 346 2042 stricta
367 1991 398 2040 et
420 1977 556 2061 singulos
579 1991 661 2040 artus
684 1979 882 2058 exprimente.
927 1977 1046 2040 Gerunt
1068 1991 1097 2038 ct

163 2081 292 2142 ferarum
315 2079 422 2163 pelles,
448 2079 577 2159 proximi
607 2079 690 2162 ripae
715 2080 913 2163 negligenter,
939 2079 1097 2141 ulteriores

162 2181 354 2262 exquisitim,
376 2180 544 2260 atquibus
572 2178 675 2240 nullus
703 2201 758 2259 per
779 2181 964 2242 commercia
985 2179 1096 2241 cultus.

164 2280 292 2362 Eligunt
307 2279 397 2353 feras,
421 2293 451 2340 et
472 2278 607 2340 detracta
625 2274 775 2341 velamina
797 2293 944 2364 spargunt
969 2279 1097 2342 maculis

164 2380 356 2460 pellibusque
378 2377 558 2451 belluarum,
582 2400 658 2458 quas
689 2381 817 2441 exterior
840 2379 984 2442 Oceanus
1008 2392 1098 2461 atquc

165 2483 300 2562 ignotum
323 2499 406 2539 mare
428 2477 535 2560 gignit.
578 2476 648 2538 Nec
670 2477 748 2539 alius
770 2480 892 2540 feminis
913 2501 1005 2561 quam
1026 2481 1099 2541 viris

165 2580 295 2654 habitus,
319 2579 377 2641 nisi
405 2577 486 2661 quod
508 2577 640 2640 feminae
669 2580 791 2659 saepius
820 2579 909 2640 lineis
937 2579 1100 2642 amictibus

165 2682 311 2756 velantur,
331 2701 446 2762 eosque
467 2702 602 2763 purpura
622 2681 748 2757 variant,
770 2694 949 2763 partemque
972 2682 1100 2744 vestitus

166 2780 329 2862 superioris
345 2782 375 2843 in
389 2782 526 2843 manicas
541 2803 601 2842 non
622 2781 797 2857 extendunt,
813 2782 912 2844 nudae
927 2781 1050 2845 brachia
1065 2805 1101 2846 ac

168 2883 314 2944 lacertos:
339 2880 394 2942 sed
408 2892 439 2942 et
452 2881 589 2961 proxima
603 2902 673 2961 pars
687 2883 818 2961 pectoris
833 2896 928 2963 patet.

209 2980 332 3046 XVIII.
362 2980 548 3063 Quanquam
578 3003 684 3043 severa
713 2983 775 3044 illic
803 2985 1015 3062 matrimonia3
1046 3008 1102 3048 uec

169 3084 260 3146 ullam
282 3104 403 3145 morum
431 3094 548 3161 partem
578 3084 677 3164 magis
704 3082 894 3147 'sudaveris'z
918 3108 986 3148 nam
1011 3109 1102 3166 prope

170 3184 224 3246 soli
246 3183 442 3245 barbarorum
472 3181 600 3264 singulis
626 3184 772 3245 uxoribus
794 3187 927 3248 contenti
950 3200 1029 3260 sunt,
1053 3208 1102 3246 ex-

169 3285 265 3362 ceptis
301 3282 466 3345 admodum
501 3284 619 3362 paucis,
647 3284 699 3366 qui
728 3306 787 3346 uon
817 3285 952 3359 libidine,
983 3287 1035 3346 scd
1066 3287 1101 3346 ob

171 3383 365 3456 nobilitatem,
385 3383 525 3465 plurimis
547 3385 660 3462 nuptiis
683 3385 864 3447 ambiuntur.
912 3384 1024 3445 Dotem
1046 3406 1104 3446 non

172 3502 247 3543 uxor
280 3483 396 3557 marit0,
428 3483 482 3544 sed
517 3485 603 3545 uxori
639 3484 765 3545 maritus
803 3485 899 3545 offert.
952 3483 1107 3548 lutersunt

173 3592 311 3666 parentes
338 3594 368 3643 et
395 3583 564 3664 propinqui,
588 3604 625 3644 ac
654 3603 781 3644 munera
805 3583 951 3661 probant:
981 3605 1106 3648 munera

174 3700 233 3743 orm
254 3680 292 3741 ed
313 3679 439 3742 delicias
461 3682 626 3743 muliebres
650 3682 797 3756 quaesita,
820 3703 877 3742 nec
897 3683 1008 3760 quibus
1030 3704 1106 3746 nors
