2514 4154
545 306 715 348 asamona.
1065 289 1104 346 ts

161 453 341 534 superstites
368 475 487 528 sumus,
515 453 665 534 exemptis
689 474 705 515 e
728 451 831 514 media
852 451 915 514 vita
942 462 984 514 tot
1006 451 1102 527 annis,

160 555 272 636 quibus
295 555 425 638 juvenes
448 555 486 617 ad
509 567 710 628 senectutem,
727 575 817 615 senes
843 574 937 637 prope
960 551 999 614 ad
1020 553 1103 633 ipsos

159 655 285 717 exactae
301 657 408 717 aetatis
431 657 576 717 terminos
590 677 645 735 per
664 655 822 717 silentium
835 656 987 717 venimus.
1032 653 1102 717 Non

160 767 263 817 tamen
288 756 404 839 pigebit
419 755 467 818 vel
494 756 647 818 incondita
672 777 709 818 ac
731 756 799 818 rudi
821 777 898 818 voce
923 744 1108 818 memorium¹

160 857 267 936 prioris
283 858 435 919 servitutis
451 879 487 919 ac
501 859 709 920 testimonium
732 859 940 937 praesentium
954 857 1102 919 bonorum

145 959 383 1037 *composuisse
438 957 502 1020 Hic
538 960 659 1021 interim
694 959 772 1021 liber
806 958 911 1020 honori
941 959 1102 1040 Agricolae

161 1058 259 1120 socer-i
276 1060 337 1121 mei
352 1059 531 1135 destinat-us
547 1059 737 1141 professione
758 1060 879 1141 pietatis
895 1073 947 1121 aut
962 1059 1100 1122 laudatus

160 1159 216 1220 erit
231 1174 284 1220 aut
296 1172 471 1222 excusatus.
706 1166 710 1173 '
1135 1230 1139 1237 ,

203 1257 260 1320 IV.
292 1260 424 1323 Cuneus
454 1259 567 1323 Jurrus
597 1261 777 1334 hericoni,
806 1262 900 1322 reteri
931 1275 962 1322 et
993 1261 1100 1322 illustr‘

162 1357 418 1441 Foroiuliensium
446 1360 566 1422 colonia
595 1374 688 1435 ortus,
720 1373 884 1442 utrumque
913 1382 1005 1422 avum
1033 1383 1100 1439 pro

160 1472 332 1521 curatorem
353 1460 524 1522 Caesarum
545 1460 669 1523 habuit:
694 1481 773 1542 quae
789 1461 939 1542 equestris
959 1461 1100 1522 nobilitas

159 1573 218 1621 cst.
262 1559 357 1623 Pater
375 1559 481 1623 Julius
497 1560 679 1636 Graecinus,
696 1562 838 1624 senatorii
861 1561 984 1637 ordinis,
1001 1561 1102 1624 studio

162 1655 358 1740 eloquentiae
372 1654 603 1740 sapientiaeque
617 1663 717 1736 notus,
732 1654 832 1740 iisque
845 1655 924 1740 ipsis
935 1659 1101 1727 virtutibus

162 1753 241 1817 iram
254 1752 323 1817 caii
335 1752 481 1818 Caesaris
491 1753 619 1816 meritus
632 1774 640 1817 :
662 1775 795 1839 namque
805 1753 850 1818 M.
863 1754 1003 1820 Silanum
1015 1781 1100 1824 aceu-

161 1873 232 1915 sare
242 1853 350 1938 jussus
372 1862 412 1932 et,
427 1851 501 1936 quia
522 1851 681 1932 abnuerat,
697 1851 879 1916 interfectus
895 1862 951 1918 est.
995 1855 1100 1922 Mater

161 1949 249 2014 Julia
264 1950 397 2014 Procilla
411 1949 479 2029 fuit,
495 1971 585 2013 rarae
606 1949 784 2013 castitatis:
805 1950 839 2014 in
862 1951 955 2037 hujus
970 1954 1040 2018 sinu
1055 1956 1099 2020 in·

160 2048 214 2112 dul
217 2048 383 2132 gentisque
396 2047 552 2126 educatus,
570 2069 626 2130 per
639 2070 759 2111 ornnem
773 2048 971 2114 honestarum
984 2056 1098 2118 artium

160 2147 277 2210 cultum
293 2146 457 2228 pueritiam
476 2145 779 2230 adolesoentiamquo
793 2149 956 2232 transegit
1001 2151 1097 2216 Aroe

161 2243 216 2306 bat
241 2264 310 2305 eum
325 2243 365 2305 ab
380 2242 536 2304 illeoebris
551 2243 753 2324 peccantium,
775 2253 901 2326 praeter
926 2247 1025 2330 ipsius
1048 2251 1097 2315 bo

160 2361 231 2403 narn
242 2340 455 2423 integramque
465 2347 615 2419 naturam7
628 2340 824 2423 quodstatim
835 2344 982 2426 parvulus
992 2347 1095 2412 sedem

158 2459 196 2501 ao
225 2436 408 2519 magistram
437 2435 607 2499 studiorum
643 2435 819 2501 Massiliam
849 2439 968 2520 habuit,
997 2444 1096 2509 locum

158 2533 280 2596 Graeca
308 2535 451 2598 comitate
480 2548 511 2598 et
538 2537 717 2622 provinciali
753 2538 939 2617 parsimonia
972 2539 1096 2601 mistum

157 2657 193 2698 ac
208 2636 286 2698 bene
308 2637 524 2720 compositum.
569 2635 721 2700 Memoria
743 2650 834 2700 teneo
854 2637 980 2700 solitum
994 2639 1096 2723 ipsum

157 2758 286 2814 narrare,
316 2759 350 2798 se
379 2738 410 2800 in
438 2739 536 2819 prima
566 2739 693 2823 juventa
721 2739 857 2802 studium
886 2738 1096 2823 philosophiae

156 2839 266 2914 acriuS,
290 2838 484 2922 ultraquam
512 2861 696 2903 concessum
723 2840 864 2903 Romano
893 2863 929 2903 ac
955 2844 1096 2917 senatori,

156 2937 307 3015 hausisse,
323 2941 355 3002 ni
376 2939 536 3020 prudentia
558 2943 662 3004 matris
685 2943 846 3004 incensum
867 2965 903 3005 ac
918 2943 1096 3026 fiagrantem

155 3040 292 3102 animum
326 3041 526 3104 coercuisset.
582 3042 709 3104 Scilicet
741 3043 872 3106 sublime
900 3056 932 3106 et
960 3058 1096 3106 erectum

156 3141 312 3222 ingenium
338 3141 596 3222 pulchritudinem
618 3165 654 3205 ac
675 3145 814 3228 speciem
842 3145 982 3207 excelsae
1012 3166 1084 3226 mag
1150 3136 1152 3141 ¹

158 3261 275 3322 uaeque
297 3242 411 3324 gloriae
434 3243 657 3320 vehementius
673 3267 767 3327 quam
789 3260 888 3320 caute,
912 3246 1094 3326 appetebat:

158 3360 227 3401 uror
256 3344 406 3426 mitigavit
433 3347 509 3407 ratio
534 3358 565 3406 et
587 3360 690 3408 aetas:
721 3348 915 3429 retinuitque,
939 3346 1021 3428 quod
1050 3358 1094 3407 est

160 3440 382 3518 difficillimum,
396 3467 435 3507 ex
450 3448 598 3526 sapientia
616 3449 753 3510 modurn.

198 3541 237 3605 V.
261 3541 366 3606 Prima
392 3560 562 3610 castrorum
592 3549 763 3610 rudimenta
786 3549 815 3609 in
839 3547 995 3609 Britannia
1018 3547 1082 3611 Sue

157 3644 238 3704 tenio
261 3643 412 3720 Paullino,
428 3646 565 3730 diligenti
584 3671 620 3710 ac
642 3648 798 3710 moderato
812 3647 893 3724 duci,
910 3649 1086 3729 approbavit
