2514 4154
179 287 220 346 38
489 304 518 344 c.
543 302 639 345 cortu.
663 301 799 344 rucrrus

178 463 319 525 externos
345 451 509 531 patiuntur.
554 447 618 511 Sed
643 449 689 510 vis
719 462 750 512 et
771 446 904 530 potentia
933 449 1057 533 regibus
1079 471 1113 517 er

178 553 355 641 auctpritate
392 550 556 613 Romana:
593 571 660 612 raro
696 552 789 614 armis
831 534 953 626 nostris,
992 552 1122 636 saepius

200 647 308 723 eoul'ria
319 652 472 735 juvantur,
489 673 547 713 nec
562 652 663 713 minus
678 652 791 715 ralent.

180 674 330 826 tlXLIII.
353 752 449 815 Retro
476 752 635 835 Marsigni,
660 752 796 830 Gothini,
821 752 888 830 Osi,
912 752 1008 826 Burin
1032 768 1115 838 terga

181 855 467 918 Marcomannorum
489 852 731 937 Quadorumque
760 854 927 917 claudunt:
958 876 975 917 e
1004 856 1116 939 quibus

180 957 328 1040 Marsigni
353 967 383 1018 et
398 954 485 1018 Burii
508 976 648 1016 sermone
671 955 816 1038 cultuque
833 956 953 1018 Suevos
972 957 1107 1020 referunt

179 1055 329 1120 Gothinos
347 1055 477 1131 Gallica,
494 1048 575 1118 Osos
591 1055 768 1119 Pannonica
786 1057 891 1140 lingua
905 1058 1044 1141 coarguit
1057 1079 1116 1119 non

179 1178 248 1220 esse
272 1157 454 1233 Germanou,
478 1169 509 1220 et
536 1156 619 1240 quod
644 1157 756 1220 tributa
784 1160 949 1238 patiuntur.
993 1157 1117 1221 Partem

177 1260 359 1323 tributorum
382 1257 550 1335 Sarmatae,
579 1270 697 1340 partem
719 1258 832 1334 Quadi,
864 1271 900 1321 ut
927 1259 1116 1342 alienigenis,

178 1363 347 1443 imponunt.
381 1343 530 1437 ¹Gothini¹
560 1381 622 1444 quo
656 1361 755 1444 magis
791 1359 915 1442 pudeat,
945 1373 976 1424 et
1003 1360 1117 1422 ferrum

178 1463 334 1526 effodiunt.
381 1462 560 1546 Omnesque
583 1462 614 1525 lri
635 1462 741 1543 populi
768 1483 868 1543 pauca
889 1463 1117 1543 campestrium,

178 1578 314 1628 ceterum
337 1565 432 1627 saltus
455 1576 486 1626 et
507 1576 636 1627 vertices
662 1563 812 1626 montium
837 1562 1010 1648 jugumque
1038 1565 1119 1626 inse·

177 1665 294 1727 derunt.
337 1662 463 1726 Dirimit
484 1664 565 1725 enim
582 1664 753 1746 scinditque
770 1663 918 1726 Sueviam
940 1665 1119 1726 continuum

178 1766 327 1828 montium
348 1764 469 1848 jugum,
492 1763 572 1825 ultra
593 1762 675 1845 quod
695 1763 845 1843 plurimae
871 1777 980 1845 gentes
1002 1777 1117 1846 agunt:

177 1888 216 1928 err
237 1867 349 1950 quibus
371 1865 519 1927 latissime
540 1876 624 1944 patet
639 1862 808 1947 Lygiorum
829 1885 942 1926 nomen
962 1864 993 1926 in
1015 1865 1118 1945 plures

177 1969 316 2031 civitates
331 1965 490 2028 diffusum.
534 1964 769 2028 Valentlssirras
784 1965 959 2028 nominasse
975 1966 1118 2044 sufficiet,

179 2065 278 2142 Arios,
309 2065 516 2140 Helveconas,
547 2063 712 2140 Manimos,
750 2064 886 2143 ElysioS,
916 2064 1108 2164 Naharvalos

180 2168 271 2253 Apud
286 2167 476 2231 Naharvalos
499 2167 641 2249 antiquae
662 2166 818 2250 religionis
833 2166 924 2230 lucus
940 2169 1118 2234 ostenditur.

180 2270 336 2332 Praesidet
358 2267 500 2331 sacerdos
522 2268 665 2331 muliebri
688 2280 814 2331 ornatu:
843 2269 898 2333 sed
919 2269 1005 2346 deos,
1028 2271 1119 2334 inter·

178 2372 347 2453 pretatione
376 2369 527 2446 Romana,
560 2368 722 2432 Castorem
751 2368 975 2455 Pollucemque
1003 2393 1119 2434 memo·

179 2487 263 2538 rant:
288 2473 385 2552 cavis
405 2473 544 2549 numini;
568 2492 679 2534 nomen
694 2470 792 2534 Alcis.
836 2470 932 2536 Nulla
947 2473 1118 2548 simulacra,

178 2577 297 2640 nullum
325 2575 503 2659 peregrinae
533 2573 757 2657 superstitionis
785 2575 974 2656 vestigium:
1003 2587 1038 2637 ut
1061 2573 1119 2636 fra·

179 2691 239 2740 tres
269 2689 380 2750 tamen,
409 2687 444 2737 ut
468 2675 608 2758 juvenes,
638 2686 829 2736 venerantur.
869 2674 1025 2736 -Ceterum
1053 2675 1118 2736 Arii

180 2799 272 2862 super
300 2778 390 2851 viros,
420 2775 532 2857 quibus
562 2784 755 2836 enumeratos
790 2773 883 2854 paulo
918 2787 988 2836 ante
1023 2796 1118 2855 popu·

180 2875 224 2935 los
251 2872 443 2946 antecedunt,
472 2883 585 2941 truces,
612 2871 721 2933 insitae
747 2870 858 2933 feritati
886 2883 949 2932 arte
978 2892 1014 2932 ac
1043 2882 1104 2938 tem

180 2995 251 3055 pore
288 2972 506 3035 lenocinantur.
570 2971 668 3055 Nigra
704 2984 801 3048 scuta,
838 2973 932 3034 tincta
967 2993 1117 3057 corpora:

180 3090 258 3138 utras
288 3075 326 3136 ad
353 3074 468 3154 proelia
496 3088 602 3136 noctes
638 3074 765 3158 legunt:
804 3075 930 3157 ipsaque
959 3073 1118 3138 formidine

180 3191 270 3259 atque
292 3175 401 3238 umbra
415 3175 518 3237 feralis
541 3176 693 3238 exercitus
715 3188 861 3238 terrorem
876 3173 1019 3252 inferunt,
1035 3176 1118 3239 nullo

181 3277 313 3340 hostiurn
342 3277 509 3339 sustinente
537 3297 651 3338 novum
673 3297 709 3339 ac
730 3277 816 3340 velut
837 3276 990 3340 infernum
1011 3300 1117 3362 aspec-

180 3392 264 3443 tum:
288 3401 360 3441 narn
381 3378 470 3459 primi
493 3379 524 3441 in
546 3377 688 3439 omnibus
703 3378 827 3461 proeliis
850 3379 932 3452 oculi
946 3380 1117 3442 vincuntur.

180 3480 280 3544 Trans
311 3476 596 3565 LygiosGothones
612 3491 786 3562 regnantur,
809 3480 901 3561 paulo
919 3481 984 3567 jam
1005 3482 1117 3544 adduc·

180 3583 249 3659 tius,
265 3604 373 3666 quam
409 3594 529 3644 ceterae
567 3578 793 3643 Germanorum
828 3595 946 3664 gentes,
983 3583 1116 3646 nondum

180 3695 281 3746 tamen
304 3705 395 3765 supra
416 3682 598 3745 libertatem.
642 3680 787 3744 Protinus
807 3681 917 3745 deinde
940 3682 977 3744 ab
994 3682 1118 3746 Oceano
