2514 4154
136 377 138 382 .
207 319 247 376 δι’
522 336 552 376 c.
574 334 671 376 coar.
694 334 829 376 merrus

205 480 357 562 siquidem
385 479 488 560 colles,
504 480 649 561 paulatim
674 497 839 556 rarescunt,
870 494 900 544 et
917 479 1046 546 Chattos
1067 505 1138 548 suos

205 580 300 641 saltus
330 579 508 663 Hercynius
542 581 736 664 prosequitur
764 581 856 644 simul
886 594 977 664 atque
1005 583 1138 663 deponit.

205 679 336 743 Duriora
358 680 441 762 genti
465 701 599 763 corpora,
628 681 723 743 stricti
748 694 841 757 artus,
857 683 961 743 minax
981 682 1085 744 vultus
1110 696 1138 745 et

205 779 300 862 major
334 782 427 842 animi
456 781 551 862 vigor.
607 779 752 857 Multum,
781 795 816 845 ut
851 783 928 844 inter
958 781 1137 857 Germanos,

205 881 327 942 rationis
364 902 401 942 ac
439 880 599 943 solertiae:
645 903 832 965 praeponere
872 882 996 958 electos,
1035 884 1138 946 audire

205 982 403 1064 praepositae,
440 1003 531 1043 nosse
569 981 699 1056 ordines,
739 982 907 1065 intelligere
951 984 1138 1058 occasiones,

204 1076 324 1143 differie
347 1081 490 1165 impetus,
505 1081 666 1162 disponere
688 1082 779 1157 diem,
795 1081 907 1144 vallare
933 1096 1064 1157 noctem,
1080 1083 1139 1144 for-

205 1193 310 1244 tunam
337 1183 414 1244 inter
441 1182 544 1258 dubia,
571 1185 715 1245 virtutem
743 1183 821 1245 inter
848 1180 931 1244 certa
957 1203 1138 1245 numerare:

205 1283 347 1366 quodque
368 1284 559 1346 rarissimum
580 1305 638 1346 nec
659 1284 719 1346 nisi
740 1284 854 1345 ratione
875 1283 1053 1362 disciplinae
1068 1305 1138 1344 con·

205 1405 339 1461 cessum,
353 1383 423 1466 plus
437 1405 581 1465 reponere
596 1386 627 1447 in
637 1383 726 1460 duce,
742 1405 835 1466 quam
849 1385 996 1448 exercitu.
1039 1383 1138 1445 Omne

205 1486 296 1548 robur
310 1486 341 1548 iu
353 1487 467 1568 pedite,
480 1507 584 1568 quem,
598 1506 690 1566 super
704 1506 796 1560 arma,
811 1484 1002 1547 ferramentis
1017 1506 1139 1567 quoque

205 1600 236 1649 et
250 1588 345 1666 copiis
367 1600 500 1649 onerant.
544 1586 631 1649 Alios
653 1585 691 1647 ad
712 1585 861 1666 proelium
871 1581 1140 1664 irevideos,Ghat·

206 1705 252 1749 tos
280 1687 319 1748 ad
346 1686 474 1749 bellum.
518 1685 593 1747 Rari
627 1706 776 1746 excursus
805 1697 836 1746 et
864 1683 986 1747 fortuita
1012 1704 1138 1767 pugna;

205 1787 394 1869 equestrium
430 1807 502 1847 sane
532 1785 642 1847 virium
677 1784 710 1846 id
744 1784 909 1863 proprium,
939 1784 1000 1845 cito
1034 1805 1139 1863 parare

205 1888 371 1962 victoriam,
401 1887 462 1948 cito
489 1884 619 1947 cedere:
649 1883 795 1946 velocitas
820 1883 907 1966 juxta
935 1883 1138 1947 formidinem.

205 1987 358 2049 cunctatio
371 1986 492 2066 propior
506 1986 693 2046 constantiae
710 1996 767 2045 est.

248 2084 372 2148 XXXI.
394 2082 436 2146 Et
460 2084 528 2146 aliis
556 2082 780 2145 Germanorum
810 2083 931 2164 populis
960 2096 1139 2163 usurpatum

207 2207 271 2247 rara
299 2198 330 2247 et
356 2185 473 2266 privata
507 2183 657 2267 cujusque
685 2182 828 2245 audentia
863 2183 942 2264 apud
961 2182 1091 2249 Chattos
1109 2186 1139 2247 in

206 2306 391 2348 consensum
412 2285 510 2361 vertit,
525 2296 560 2346 ut
573 2284 708 2368 primum
729 2283 923 2361 adoleverint,
940 2285 1055 2347 crinem
1073 2286 1140 2347 bar-

207 2386 337 2470 bamque
374 2386 561 2462 submittere,
591 2406 660 2461 nec,
692 2386 752 2448 nisi
781 2385 868 2449 hoste
897 2408 998 2463 caeso,
1028 2407 1139 2448 exuere

142 2516 148 2527 ,
205 2489 341 2552 votivum
369 2487 598 2571 obligatumque
626 2488 729 2549 virtuti
758 2488 819 2549 oris
848 2486 995 2550 habitum.
1041 2487 1141 2566 Super

206 2591 386 2673 sanguinem
415 2602 446 2652 et
481 2587 578 2668 spolia
612 2587 746 2648 revelant
774 2587 913 2662 frontem,
944 2608 1038 2668 seque
1075 2599 1139 2648 tum

206 2688 330 2750 demum
351 2689 447 2767 pretia
468 2685 614 2748 nascendi
635 2684 786 2758 retulisse,
800 2685 969 2766 dignosque
991 2687 1089 2764 patria
1103 2706 1140 2746 ac

206 2788 380 2868 parentibus
414 2785 525 2848 ferunt.
582 2783 707 2868 Ignavis
750 2796 780 2846 et
822 2784 996 2853 imbellibus
1039 2798 1141 2847 manet

206 2886 336 2969 squalor.
381 2884 579 2948 Fortissimus
602 2885 732 2968 quisque
747 2883 879 2947 ferreum
900 2886 1025 2965 insuper
1046 2906 1141 2948 annu·

206 2987 270 3050 lum
289 2986 542 3069 (ignominiosum
564 2986 595 3048 id
616 2985 713 3068 genti)
734 2985 819 3048 velut
845 2985 1003 3048 vinculum
1030 2999 1139 3068 gestat,

206 3088 302 3150 donec
324 3107 357 3148 se
380 3085 475 3148 caede
497 3085 594 3148 hostis
620 3085 766 3148 absolvat.
800 3083 950 3149 Plurrmrs
962 3083 1140 3149 Chattorum

206 3189 255 3251 bic
269 3187 369 3268 placet
390 3186 523 3249 habitus.
566 3184 698 3268 Jamque
713 3199 823 3257 canent
840 3187 986 3270 insignes
1002 3199 1033 3249 et
1048 3186 1141 3250 hosti·

205 3291 263 3352 bus
292 3288 385 3352 simul
414 3288 539 3370 suisque
571 3288 740 3350 monstrati.
765 3236 933 3350 bmnium
960 3310 1055 3368 penes
1083 3288 1139 3350 hos

206 3393 289 3454 initia
303 3409 493 3472 pugnamm:
515 3387 592 3450 haec
606 3387 703 3468 prima
718 3409 839 3468 semper
852 3389 946 3464 acies,
958 3391 1027 3452 visu
1042 3410 1139 3464 nova,

206 3514 274 3555 nam
298 3512 336 3553 ne
358 3491 389 3553 in
414 3510 490 3571 pace
516 3488 641 3571 quidem
655 3489 741 3551 vultu
766 3489 885 3551 mitiore
910 3502 1132 3553 mansuescunt

209 3593 293 3656 Nulli
307 3592 416 3655 domus
432 3603 483 3654 aut
498 3612 568 3674 ager
585 3602 638 3652 aut
650 3589 752 3670 aliqua
766 3611 858 3652 cura:
882 3604 970 3671 prout
984 3591 1128 3673 adquam
1143 3627 1145 3633 ι

206 3716 265 3778 que
281 3714 400 3768 venere,
416 3692 556 3756 aluntur:
580 3691 697 3776 prodigi
713 3692 814 3756 alieni.
830 3704 1056 3774 contemptores
1072 3711 1121 3752 sur
