2514 4154
165 299 201 356 24
478 317 508 357 c.
533 318 630 360 coen.
654 319 789 361 aturrus

157 456 291 538 plerique
329 456 475 518 nobilium
511 455 752 520 adolescentium
786 471 894 539 petunt
930 459 1007 521 ultro
1038 479 1089 521 ear

157 557 299 636 nationeS,
323 578 402 638 quae
428 571 493 619 tum
519 557 636 621 bellum
661 558 784 641 aliquod
809 571 939 642 gerunt;
963 561 1035 642 quia
1061 574 1089 622 et

155 657 271 738 ingrata
291 658 375 740 genti
397 659 495 739 quies,
519 670 549 720 et
571 656 691 744 facilius
713 660 791 722 inter
811 660 953 740 ancipitia
979 660 1088 722 clares·

154 769 234 831 cunt,
263 778 472 840 magnumque
508 759 686 822 comitatum
714 782 774 822 non
801 761 859 822 nisi
889 761 917 823 vi
947 760 1088 842 belloque

154 864 303 921 tuentur:
337 859 464 942 exigunt
481 861 562 922 enim
585 861 730 943 principis
745 863 794 924 sui
808 862 987 924 liberalitate
1002 862 1087 925 illum

155 956 331 1020 bellatorem
374 980 499 1042 equum,
543 961 627 1023 illam
672 976 829 1024 cruentam
871 963 1088 1045 victricemque

155 1057 311 1121 frameam.
354 1057 437 1122 Nam
460 1060 569 1141 epulae
591 1074 630 1138 et,
647 1083 821 1144 quanquam
843 1063 997 1142 incompti,
1014 1063 1086 1145 lorgi

155 1171 256 1220 tamen
271 1174 432 1243 apparatus
454 1184 509 1242 pro
524 1163 673 1242 stipendio
687 1162 819 1225 cedunt:
842 1160 967 1226 materia
989 1165 1086 1225 muni·

154 1259 293 1323 licentiae
315 1283 370 1342 per
390 1262 470 1325 bella
493 1276 523 1325 et
544 1275 658 1343 raptus.
701 1263 771 1326 Nec
793 1285 877 1326 arare
897 1277 1018 1340 terram,
1037 1279 1087 1325 aut

154 1375 314 1442 expectare
336 1387 459 1440 annum,
476 1378 538 1427 tam
553 1363 642 1427 facile
658 1366 856 1450 persuaseris,
872 1386 965 1448 quam
978 1387 1087 1427 vocare

154 1464 258 1527 hostes
274 1477 304 1528 et
318 1466 445 1529 vulnera
465 1468 585 1530 mereri.
629 1466 758 1550 Pigrum
780 1467 948 1550 quinimmo
963 1479 994 1528 et
1007 1467 1087 1528 iners

154 1566 281 1642 videtur,
323 1568 432 1630 sudore
473 1569 639 1650 acquirere,
681 1568 763 1651 quod
802 1569 902 1652 possis
942 1569 1087 1651 sanguine

154 1688 269 1745 parare.

196 1765 268 1829 XV.
305 1766 457 1840 Quotiens
493 1769 573 1831 bella
615 1790 675 1830 non
710 1770 825 1843 ineunt,
862 1791 922 1829 non
958 1768 1087 1830 multum

155 1868 323 1943 venatibus
349 1868 420 1949 plus
448 1891 504 1952 per
532 1869 628 1930 otium
656 1866 835 1951 transigunt,
858 1869 952 1930 dediti
982 1890 1088 1930 somno

154 1968 293 2050 ciboque,
317 1967 499 2030 fortissimus
522 1969 653 2051 quisque
675 1990 712 2030 ac
733 1969 986 2031 bellicosissimus
1014 1969 1087 2030 nihil

154 2090 258 2151 agene,
281 2068 420 2151 delegata
440 2068 550 2131 domus
573 2081 604 2131 et
623 2070 779 2150 penatium
801 2083 831 2131 ct
853 2092 994 2153 agromm
1016 2091 1104 2138 curn,

155 2169 276 2231 leminis
299 2170 485 2252 senibusque
502 2182 532 2231 et
546 2170 754 2232 infirmissimo
774 2166 889 2253 cuique'
901 2192 939 2232 cx
953 2171 1068 2233 familia
1080 2192 1087 2232 ι

155 2271 212 2350 ipsi
242 2269 372 2346 lrebent3
410 2273 487 2332 mira
514 2268 687 2333 diversitate
723 2283 857 2347 naturae,
887 2293 960 2334 cum
996 2270 1088 2333 iidem

153 2371 291 2433 homines
307 2372 353 2434 sic
368 2384 470 2435 ament
492 2372 630 2434 inertiam
645 2385 675 2434 et
690 2371 807 2435 oderint
828 2373 974 2455 quietem.
995 2384 1007 2415 -‘
1018 2371 1088 2433 Mos

155 2485 202 2534 est
216 2473 390 2535 civitatibus
412 2472 491 2535 ultro
506 2494 542 2534 ac
557 2473 668 2535 viritim
683 2473 819 2535 conferre
839 2474 1026 2556 principibus
1034 2471 1089 2533 rel
1163 2492 1172 2507 ·

154 2587 359 2636 armentorum
380 2574 430 2637 vel
451 2574 584 2656 frugum,
601 2572 683 2656 quod
704 2595 758 2653 pro
780 2573 892 2634 honore
918 2564 1089 2652 acceptum,

155 2675 247 2737 etiam
274 2673 509 2736 necessitatibus
547 2672 699 2734 subvenit.
753 2670 897 2733 Gaudent
925 2671 1088 2754 praecipue

156 2774 351 2835 finitimarum
372 2774 511 2855 gentium
525 2771 622 2846 donis,
639 2792 718 2852 quae
733 2792 792 2832 uon
811 2769 902 2834 modo
917 2792 935 2832 a
950 2770 1088 2851 singuliS,

191 2872 211 2934 d
245 2871 368 2979 publiqe
378 2886 583 3055 R‘qr'qpqqtunz
621 2871 711 2933 electi
739 2871 821 2953 equi,
850 2892 961 2953 magna
996 2891 1088 2944 arma,

157 2973 307 3056 pralerae,
337 2985 383 3035 tor
404 2994 531 3055 ucsque.
587 2971 658 3034 Jam
687 2985 717 3034 et
752 2972 916 3055 pecuniam
951 2972 1089 3054 accipere

143 3074 328 3137 'docuimus

199 3172 288 3234 XVI.
311 3172 421 3237 Nullas
446 3170 670 3234 Germanorum
691 3172 813 3256 populis
835 3172 928 3233 urbes
953 3171 1091 3248 habitari,

160 3275 230 3336 tatis
259 3285 365 3334 notum
393 3287 459 3334 est:
495 3294 532 3334 ne
561 3275 623 3353 pati
653 3273 778 3355 quidem
808 3273 885 3335 inter
913 3293 946 3333 se
972 3271 1092 3356 junctas

159 3376 257 3438 sedes.
303 3373 418 3436 Colunt
432 3372 555 3436 discreti
575 3396 611 3435 ac
626 3374 748 3444 diversi,
766 3386 799 3435 ot
813 3371 890 3448 lons,
906 3386 939 3435 ut
954 3396 1092 3458 campus,

159 3487 190 3538 ut
217 3496 328 3538 nemus
362 3473 487 3554 placuit.
542 3471 635 3536 Vicos
671 3487 780 3547 rocaut,
811 3495 871 3534 non
899 3475 929 3535 in
957 3487 1093 3536 nostrum

159 3597 283 3650 morem,
307 3575 452 3637 connexis
481 3586 512 3635 et
541 3573 774 3635 cohaerentibus
803 3573 971 3636 aedificiis:
1006 3593 1092 3634 suam

159 3679 287 3757 quisque
303 3676 429 3738 domum
452 3677 549 3757 spatio
563 3672 741 3749 circumdat,
758 3675 822 3735 sive
837 3673 982 3734 adversus
1003 3691 1093 3733 casua
