2514 4154
155 302 196 360 50
480 320 510 360 c.
534 318 631 360 coen.
654 317 766 361 racrrr

155 465 280 529 influere
302 467 424 547 penitus
447 478 538 549 atque
567 465 693 543 ambire,
718 480 749 530 et
773 464 857 551 jugis
883 479 974 529 etiam
1004 478 1092 548 atqua

155 568 308 631 montibus
323 567 417 630 inseri
431 567 516 631 velut
530 569 562 631 in
578 590 646 631 suo.

195 667 255 731 XI.
280 668 428 732 Ceterum
451 668 641 733 Britanniam
657 671 711 754 qui
728 669 871 732 mortales
894 670 978 732 initio
993 668 1083 732 colue

154 771 221 846 rint,
244 769 405 855 indigenae
433 793 472 834 an
501 770 631 848 advecti,
654 785 689 834 ut
712 772 1094 851 interbarbaros,pan1m

154 884 356 956 compertum.
400 871 537 935 Habitus
566 893 728 953 corporum
750 873 848 935 rarii:
878 885 970 955 atque
999 893 1038 934 ex
1059 893 1095 933 ec

154 986 352 1056 argumenta3
376 995 509 1056 namque
535 974 644 1036 rutilae
669 974 871 1037 Caledoniam
896 973 1095 1036 habitantium

154 1094 269 1151 comae,
293 1075 396 1158 magni
425 1087 518 1149 artus,
550 1073 768 1138 Germanicam
797 1076 946 1158 originem
975 1096 1096 1137 asseve-

153 1188 228 1238 rant.
273 1175 410 1238 Silurum
446 1175 572 1239 colorati
605 1177 708 1239 vultus
744 1190 776 1240 et
811 1178 879 1239 torti
916 1176 1096 1258 plerumque

57 1332 60 1337 .
154 1279 253 1340 crines
296 1290 327 1340 et
368 1279 469 1363 posita
505 1292 609 1341 contra
645 1279 798 1364 Hispania
835 1277 941 1340 Iberos
978 1291 1095 1340 veteres

153 1381 309 1467 trajecisse
349 1403 463 1466 easque
503 1382 593 1445 sedes
634 1403 803 1464 occupasse
841 1381 933 1444 fidem
971 1380 1096 1444 faciunt.

153 1483 291 1549 Proximi
314 1483 413 1547 Gallis
436 1499 466 1562 et
488 1485 605 1547 sirniles
629 1498 720 1561 sunt3
745 1508 799 1546 scu
823 1485 950 1547 durante
973 1483 1096 1567 originis

133 1588 193 1655 'vi.
210 1609 276 1661 seu,
299 1587 547 1667 procurrentibus
570 1586 743 1648 indiverso
766 1588 863 1661 terris,
886 1586 998 1666 positio
1020 1584 1096 1648 coeli

154 1688 330 1768 corporibus
353 1686 490 1748 habiturn
506 1686 608 1749 dedit:
632 1687 662 1748 in
682 1689 859 1749 universum
882 1701 985 1748 tamen
1007 1687 1097 1748 aesti-

154 1790 258 1865 manti,
290 1787 397 1850 Gallos
421 1782 554 1847 vicinam
582 1784 717 1847 insulam
745 1809 915 1866 occupasse
951 1786 1095 1849 credibile

154 1909 211 1952 est.
255 1889 374 1953 Eorum
404 1909 491 1950 sacra
513 1886 724 1968 deprehendas
754 1888 1004 1967 superstitionum
1030 1907 1096 1971 per·

154 1991 318 2053 suasione:
343 2010 444 2050 sermo
472 1986 555 2050 haud
584 1987 716 2050 multum
745 1987 907 2064 diversus;
931 1989 962 2050 in
987 1978 1096 2069 depos·

154 2090 260 2153 cendis
286 2089 431 2175 periculis
455 2089 563 2151 eadem
592 2088 721 2151 audacia
744 2103 784 2166 et,
807 2089 861 2152 uhi
883 2089 1043 2165 advenere,
1066 2091 1096 2152 in

155 2192 357 2255 detrectandis
394 2191 504 2254 eadem
536 2190 672 2254 formido.
720 2191 797 2256 Plus
833 2205 937 2255 tamen
964 2192 1096 2255 ferociae

156 2294 291 2357 Britanni
313 2292 496 2375 praeierunt,
512 2307 547 2357 ut
562 2315 640 2377 quos
656 2294 792 2358 nondum
812 2294 904 2377 longa
927 2315 987 2375 pax
1002 2294 1097 2357 ernol-

155 2394 252 2459 lierit:
284 2417 355 2458 nam
378 2393 486 2459 Gallos
517 2417 640 2479 quoque
670 2397 701 2458 in
730 2397 819 2459 bellis
840 2395 982 2459 floruisse
1010 2417 1097 2458 acce·

154 2498 275 2578 pimus:
300 2519 372 2560 mox
393 2499 523 2581 segnitia
540 2519 613 2560 cum
628 2498 689 2559 otio
712 2498 842 2572 intravit,
859 2498 974 2559 amissa
987 2498 1097 2560 virtute

154 2601 265 2680 pariter
293 2622 330 2662 ac
359 2599 519 2675 libertate;
549 2598 632 2682 qnod
661 2597 876 2661 Britannorum
906 2597 979 2660 olim
1008 2599 1097 2661 rictis

156 2701 275 2762 evenit:
300 2700 393 2761 ceteri
409 2712 541 2773 manent,
557 2697 666 2781 quales
683 2696 766 2760 Galli
780 2696 914 2759 fuerunt.

197 2799 274 2863 XII.
297 2799 335 2861 In
357 2799 459 2879 pedite
481 2800 595 2862 robur:
620 2798 772 2881 quaedam
794 2799 932 2875 nationes
956 2810 986 2861 et
1007 2820 1097 2862 curru

155 2899 364 2980 proeliantur:
401 2899 555 2962 honestior
583 2900 699 2982 auriga,
730 2899 859 2961 clientes
896 2913 1098 2983 propugnant.

157 3000 241 3062 Olim
263 3000 388 3082 regibus
402 2999 558 3079 parebant,
573 3021 655 3062 nunc
677 3021 733 3084 per
746 3000 900 3081 principes
915 2999 1098 3063 factionibus

157 3114 188 3164 et
202 3101 311 3164 studiis
333 3100 512 3163 trahuntur:
535 3123 593 3163 nec
619 3101 703 3164 alind
724 3100 872 3164 adversus
894 3101 1099 3164 validissimas

156 3218 264 3289 gentes
279 3225 334 3288 pro
356 3203 444 3264 nobis
466 3202 582 3278 utilius,
598 3225 691 3286 quarn
706 3202 790 3286 quod
805 3204 835 3265 in
850 3224 1014 3267 commune
1040 3227 1099 3267 non

157 3305 331 3369 consulunt.
377 3302 480 3366 Rarus
494 3302 615 3366 duabus
636 3304 773 3367 tribusve
789 3305 964 3368 civitatibus
979 3305 1018 3368 ad
1032 3328 1099 3387 pro·

157 3406 343 3491 pulsandum
365 3425 529 3467 commune
551 3405 722 3485 periculum
745 3419 933 3469 conventus:
958 3409 1009 3483 ita,
1025 3408 1099 3471 dum

159 3509 271 3592 singuli
295 3519 441 3591 pugnant,
458 3507 592 3569 universi
607 3508 778 3570 vincuntur.
827 3508 959 3572 Coelum
985 3511 1099 3573 crebris

159 3610 308 3674 imbribus
344 3630 380 3671 ac
417 3608 537 3670 nebulis
573 3608 723 3672 foedum:
768 3611 917 3696 asperitas
953 3611 1099 3695 frigorum

159 3712 256 3777 abest.
300 3708 431 3773 Dierum
460 3712 558 3792 spatia
585 3711 664 3775 ultra
692 3712 890 3776 nostriorbis
914 3734 1096 3788 mensuram,
