2514 4154
155 331 196 388 62
478 346 507 385 c.
531 344 626 385 cons.
651 344 760 386 raom

156 493 273 554 tanrriae
302 503 405 571 patet;
441 503 532 573 atque
562 512 652 552 omne
680 491 819 573 ignotum
847 514 902 576 pro
929 492 1092 576 magnifico

155 604 211 653 est.
256 591 320 653 Sed
344 591 428 653 nulla
453 590 516 674 jam
542 590 621 652 ultra
643 612 729 674 gens,
750 591 825 655 nihil
846 593 905 656 nisi
927 593 1040 656 fluctus
1063 607 1093 658 et

155 714 237 766 saxa,
254 704 284 754 et
299 692 471 755 infestiores
494 691 647 756 Romani:
671 713 802 775 quorum
825 695 1000 775 superbiam
1013 694 1094 758 frus-

155 805 199 854 tra
213 814 268 876 per
289 794 472 875 obsequium
488 805 518 856 et
534 793 716 856 modestiam
739 794 896 878 effugeris.
940 793 1094 876 Raptores

156 893 246 969 orbis,
262 907 425 976 postquam
447 906 558 956 cuncta
579 895 769 957 vastantibus
791 894 917 958 defuere
939 908 1046 972 terrae,
1063 909 1093 960 et

156 1017 238 1057 mare
268 1006 460 1057 scrutantur:
500 995 526 1056 si
554 995 692 1076 locuples
719 995 815 1059 hostis
845 1009 902 1072 est,
932 997 1035 1074 avari3
1067 1000 1093 1060 si

155 1117 278 1176 pauper,
303 1096 474 1157 ambitiosi:
505 1118 582 1178 quos
608 1117 668 1158 non
693 1095 814 1173 Oriens,
840 1119 902 1160 nou
928 1097 1082 1161 Occidens

156 1197 317 1259 satiaverit.
372 1196 438 1259 Soli
474 1199 612 1261 onmium
643 1219 717 1278 opes
746 1211 837 1282 atque
867 1199 1000 1280 inopiam
1027 1201 1094 1280 pari

155 1296 267 1359 affectu
312 1297 542 1378 concupiscunt.
599 1297 740 1374 Auferre,
778 1298 939 1375 trucidare,
975 1320 1092 1379 rapere,

157 1396 241 1460 falsis
270 1397 446 1461 nominibus
472 1399 656 1479 imperium3
686 1412 787 1484 atque,
815 1400 869 1463 ubi
899 1400 1093 1462 solitudinem

157 1497 280 1573 faciunt,
295 1520 404 1579 pacem
419 1499 601 1583 appellant.”

197 1595 314 1661 XXXI.
338 1598 497 1663 “Liberos
518 1603 629 1684 cuique
646 1622 682 1663 ac
697 1603 881 1685 propinquos
897 1623 970 1663 suos
985 1613 1092 1664 natura

156 1700 332 1762 carissimos
347 1721 416 1762 esse
432 1700 545 1777 voluit3
570 1700 599 1763 hi
615 1721 669 1780 per
684 1701 831 1775 delectus,
848 1701 920 1762 alibi
941 1703 1092 1778 servituri,

156 1800 353 1864 auferuntur·
383 1800 529 1885 conjuges
556 1821 746 1883 sororesque,
774 1802 831 1862 etsi
858 1799 1001 1863 hostilem
1025 1801 1094 1864 libi·

156 1902 259 1964 dinem
288 1902 444 1985 effugiant,
474 1902 595 1964 nomine
625 1902 794 1963 amicorum
822 1913 913 1982 atque
938 1900 1093 1981 hospitum

156 2003 340 2083 polluuntur.
383 2001 470 2065 Bona
496 2002 693 2085 fortunasque
721 2003 752 2065 in
780 2001 928 2064 tributum
956 2014 1093 2085 egerunt,

156 2126 250 2166 annos
266 2104 296 2166 in
310 2103 517 2168 frumentum:
541 2095 667 2185 corpora
688 2103 755 2184 ipsa
769 2125 805 2166 ac
819 2124 928 2166 manus
952 2102 1036 2165 silvis
1056 2124 1094 2165 ae

156 2204 318 2286 paludibus
347 2206 539 2270 emuniendis
565 2203 648 2268 inter
671 2204 802 2271 verbera
826 2225 863 2267 ac
891 2202 1094 2267 contumelias

156 2317 325 2369 conterunt.
368 2305 451 2370 Nata
480 2308 617 2372 servituti
645 2307 797 2389 mancipia
826 2307 924 2370 semel
951 2319 1094 2380 veneunt,

156 2421 247 2491 atque
275 2407 354 2471 ultro
374 2429 393 2470 a
414 2407 544 2472 dominis
571 2409 711 2473 aluntur:
735 2407 891 2472 Britannia
919 2409 1095 2472 servitutem

157 2531 245 2572 suam
273 2509 408 2593 quotidie
437 2511 521 2584 emit,
551 2510 686 2590 quotidie
715 2511 824 2593 pascit.
867 2510 925 2585 Ao,
957 2510 1037 2572 sicut
1065 2508 1095 2570 in

157 2610 270 2674 familia
291 2610 521 2672 recentissimus
543 2608 674 2689 quisque
704 2629 860 2670 servorum
882 2621 913 2669 et
938 2609 1094 2671 conservis

157 2709 288 2771 ludibrio
310 2720 367 2782 est,
384 2708 429 2768 sic
443 2709 476 2768 in
489 2707 548 2769 hoc
563 2706 643 2768 orbis
664 2718 814 2768 terrarum
828 2718 929 2767 vetere
944 2705 1093 2768 famulatu

78 2882 94 2893 ..
157 2807 226 2869 novi
248 2828 305 2869 nos
327 2820 358 2868 et
379 2804 455 2868 viles
470 2807 501 2868 in
516 2803 670 2866 excidium
690 2803 834 2884 petimur.
878 2801 990 2886 Neque
1012 2806 1094 2866 enirn

157 2926 228 2968 arva
242 2906 329 2969 nobis
351 2918 405 2967 aut
426 2905 550 2968 metalla
572 2916 625 2966 aut
648 2917 753 2985 portus
777 2916 857 2977 sunt,
873 2903 986 2984 quibus
1009 2924 1093 2964 exer-

158 3006 264 3068 cendis
289 3026 491 3069 reservemur.
534 3004 640 3068 Virtus
666 3025 754 3090 porro
777 3025 814 3066 ac
836 3003 949 3066 ferocia
974 3003 1094 3088 subjec-

158 3120 257 3168 torum
299 3106 415 3190 ingrata
457 3105 700 3186 imperantibus:
745 3116 776 3167 et
814 3103 1019 3187 longinquitas
1059 3125 1094 3166 ac

158 3221 311 3270 secretum
346 3208 449 3293 ipsum
484 3228 546 3291 quo
580 3217 687 3281 tutius,
725 3226 762 3268 eo
799 3207 985 3290 suspectius.
1037 3205 1093 3282 Ita,

158 3308 278 3371 sublata
313 3329 368 3389 spe
403 3309 520 3384 veniae,
550 3304 674 3370 tandem
709 3306 820 3368 sumite
857 3307 1003 3382 animum,
1033 3318 1094 3370 tam

159 3409 270 3493 quibus
307 3409 400 3485 salus,
437 3429 530 3491 quam
565 3407 677 3490 quibus
713 3406 809 3490 gloria
844 3408 1001 3470 carissima
1038 3420 1093 3469 est

159 3511 371 3586 Trinobantes,
409 3507 523 3592 femina
557 3506 647 3582 duce,
683 3527 810 3570 exurere
846 3507 1006 3583 coloniam,
1044 3527 1095 3568 ex·

159 3632 293 3696 pugnare
315 3622 423 3686 castra,
446 3629 493 3685 ac,
516 3609 575 3671 nisi
597 3607 727 3671 felicitas
747 3609 778 3670 in
801 3607 971 3671 socordiam
988 3609 1094 3670 vertis·

159 3722 214 3784 set,
237 3731 348 3773 exuere
374 3709 485 3793 jugum
505 3721 652 3791 potuere:
682 3730 739 3771 nos
768 3709 876 3792 integri
898 3721 929 3771 et
957 3707 1092 3773 indomiti
