2514 4154
177 321 219 378 to
447 370 451 377 ,
494 334 523 374 c.
548 331 645 374 conn.
668 330 804 373 ricinus

175 502 209 543 ac
233 479 288 542 solt
311 480 448 541 omnium
471 481 645 554 succinum,
666 478 748 560 quod
770 480 830 560 ipsi
851 479 973 562 glesum
994 497 1104 543 vocant

174 585 251 644 iuter
273 580 349 642 vada
377 592 468 662 atque
494 581 525 642 in
548 579 615 664 ipso
643 580 743 643 littore
771 581 888 663 legunt.
932 579 1011 657 Noc,
1034 603 1111 664 quae
1159 589 1161 594 ’

174 698 279 745 natura
317 704 434 765 quaeve
460 683 536 744 ratio
565 683 679 765 gignat,
705 696 740 745 ut
768 683 913 758 badoaris,
940 685 1112 765 quaesitum

174 796 413 863 compertumve.
468 783 532 845 Diu
560 784 635 865 quin
670 785 764 848 ctiam
791 785 869 846 inter
897 797 999 846 cetera
1035 785 1113 867 ejec-

175 896 307 946 tamenta
335 886 429 946 maris
466 884 597 968 jacebat,
626 884 725 946 donec
755 886 874 947 luxuria
902 899 1004 948 nostra
1032 886 1114 947 dedit

174 1005 308 1046 nomen:
343 986 418 1068 ipsis
448 986 479 1048 in
507 985 591 1060 nullo
619 1007 704 1048 usu:
732 985 807 1048 rude
835 986 958 1069 legitur,
987 987 1115 1049 informe

174 1085 332 1165 perfertur,
362 1087 556 1170 pretiumque
585 1087 730 1148 mirantes
759 1087 923 1166 accipiunt.
978 1086 1115 1149 Succum

87 1273 90 1277 Ι
175 1200 276 1248 tamen
299 1187 441 1250 arborum
466 1209 536 1250 csse
560 1187 724 1270 intelligas,
739 1189 810 1270 quia
832 1199 950 1250 terrena
965 1187 1115 1270 quaedam

150 1361 152 1366 ¹
175 1303 266 1372 atque
293 1290 386 1352 etiarn
399 1290 536 1352 volucria
557 1289 699 1352 animalia
720 1289 902 1373 plerumque
925 1289 1117 1364 interlucent,

175 1413 253 1474 quae
271 1392 426 1473 implicata
453 1391 591 1466 humore,
606 1412 687 1466 mox,
703 1391 884 1453 durescente
900 1390 1036 1465 materia,
1052 1389 1117 1451 clu-

177 1493 297 1556 duntur.
354 1493 546 1557 Fecundiora
574 1495 668 1576 igitur
695 1513 821 1555 nemora
848 1492 1008 1575 lucosque,
1039 1492 1117 1553 sicut

177 1593 311 1656 Orientis
335 1596 470 1669 secretis,
487 1595 540 1657 ubi
563 1594 652 1657 thura
672 1593 871 1677 balsamaque
895 1593 1051 1669 sudantur,
1075 1594 1116 1655 ita

128 1692 131 1698 ’
177 1695 355 1758 Occidentis
377 1695 485 1757 insulis
507 1697 657 1776 terrisque
680 1696 794 1770 inesse,
810 1695 1014 1771 crediderim;
1038 1716 1118 1776 quae

175 1797 267 1860 vieini
291 1795 364 1858 solis
386 1793 481 1856 radiis
501 1815 647 1875 expressa
674 1806 767 1876 atque
788 1794 935 1876 liquentia
961 1796 992 1856 in
1018 1796 1118 1874 proxi·

175 1918 261 1958 mum
288 1916 372 1957 mare
397 1893 550 1970 labuntur,
574 1915 612 1956 ac
635 1895 665 1956 vi
691 1905 910 1974 tempestatum
935 1894 967 1956 in
992 1893 1119 1956 adversa

176 1996 275 2060 littora
304 1995 467 2056 exundant.
519 1994 554 2056 Si
583 2007 721 2056 naturam
751 1995 868 2057 succini
897 1993 1019 2057 admoto
1048 1995 1119 2077 igne

176 2110 285 2172 tentes,
302 2097 333 2158 in
351 2095 479 2158 modum
500 2095 607 2159 ta'edae
630 2095 818 2172 accenditur,
832 2095 946 2179 alitque
961 2095 1118 2158 flammam

177 2199 322 2281 pinguem
352 2208 383 2259 et
411 2196 564 2258 olentem:
594 2217 666 2257 mox
694 2207 728 2257 ut
756 2196 787 2258 in
817 2197 919 2281 picem
947 2182 1121 2259 resinamve

177 2298 328 2362 lentescit.
387 2296 556 2360 Suionibus
587 2295 730 2358 Sitonum
758 2310 866 2380 gentes
895 2299 1119 2360 continuantur.

178 2399 290 2464 Cetera
319 2399 446 2475 similes
469 2421 531 2461 uno
560 2397 715 2475 differunt,
737 2398 820 2481 quod
841 2398 955 2463 femina
983 2399 1118 2461 domina-

177 2514 246 2565 tur:
277 2502 309 2564 in
335 2513 454 2564 tanturn
482 2523 543 2563 non
571 2499 663 2562 modo
684 2521 702 2561 a
723 2499 873 2575 libertate,
896 2500 951 2562 sed
981 2503 1073 2563 etiam
1101 2521 1119 2561 a

177 2604 321 2665 servitute
337 2602 534 2684 degenerant.

217 2700 328 2763 XLVI.
365 2702 429 2767 Hic
466 2701 599 2764 Sueviae
635 2701 716 2763 finis.
773 2700 982 2763 Peucinorum
1018 2700 1107 2763 Vene

177 2805 346 2886 dommque
362 2816 392 2865 et
406 2797 582 2865 Fennorum
602 2803 740 2864 nationes
764 2801 927 2864 Germanis
942 2824 980 2863 an
997 2802 1106 2865 Sarma

112 2898 115 2904 ’
177 2907 215 2967 tis
231 2904 392 2979 ascribam,
409 2903 529 2966 dubito:
554 2924 729 2986 quanquam
744 2902 885 2978 Peucini,
902 2924 979 2985 quos
995 2903 1118 2986 quidun.

177 3006 341 3070 Bastarnas
364 3017 481 3080 vocant,
506 3026 656 3080 sermone,
679 3004 775 3079 cultu,
799 3003 872 3066 sede
895 3025 931 3066 ac
945 3002 1118 3080 domiciliis,

177 3120 211 3170 ut
234 3105 390 3182 Germani,
414 3116 519 3188 agunt.
564 3104 679 3167 Sordes
703 3106 840 3167 omnium
862 3126 898 3167 ac
921 3118 1023 3191 torpor
1050 3127 1118 3190 pro·

177 3227 304 3272 cerum:
346 3207 506 3268 connubiis
540 3204 821 3281 mixtis-nonnihil
849 3206 880 3267 in
910 3205 1119 3270 Sarmatarum

177 3310 316 3373 habiturn
351 3307 512 3370 foedantur
583 3304 704 3368 Venedi
739 3305 873 3367 multum
909 3327 947 3380 ep
982 3308 1119 3370 moribus

177 3422 341 3475 traxerunt.
385 3407 469 3470 Nam
487 3406 635 3488 quidquid
656 3407 735 3469 inter
756 3405 912 3469 Peucinos
935 3406 1119 3491 Fennosque

178 3510 324 3577 silvarum
351 3530 388 3574 ac
416 3508 567 3574 montium
596 3506 730 3589 erigitur,
760 3505 926 3569 latrociniis
954 3522 1118 3589 pererrant.

181 3611 222 3674 Hi
245 3625 346 3674 tamen
369 3611 447 3672 inter
471 3606 645 3670 Germanos
667 3608 769 3693 potius
791 3606 972 3684 referuntur,
995 3611 1067 3691 quia
1089 3628 1118 3671 et

178 3711 284 3776 domos
324 3711 427 3794 figunt
461 3722 492 3773 et
520 3721 608 3772 scuta
644 3720 765 3793 gestant
793 3720 824 3772 ot
851 3707 966 3795 pedum
994 3730 1052 3771 usu
1083 3732 1117 3773 ac
