<?xml version="1.0" encoding="UTF-8"?>
<!DOCTYPE html PUBLIC "-//W3C//DTD XHTML 1.0 Transitional//EN"
    "http://www.w3.org/TR/xhtml1/DTD/xhtml1-transitional.dtd">
<html xmlns="http://www.w3.org/1999/xhtml" xml:lang="en" lang="en">
 <head>
  <title>
</title>
<meta http-equiv="Content-Type" content="text/html;charset=utf-8" />
  <meta name='ocr-system' content='tesseract 3.04.00' />
  <meta name='ocr-capabilities' content='ocr_page ocr_carea ocr_par ocr_line ocrx_word'/>
</head>
<body>
  <div class='ocr_page' id='page_1' title='image "./germaniaagricol02tacigoog_0045.png"; bbox 0 0 2514 4154; ppageno 0'>
   <div class='ocr_carea' id='block_1_1' title="bbox 160 304 773 359">
    <p class='ocr_par' dir='ltr' id='par_1_1' title="bbox 160 304 773 359">
     <span class='ocr_line' id='line_1_1' title="bbox 160 304 773 359; baseline 0.007 -7"><span class='ocrx_word' id='word_1_1' title='bbox 160 304 196 358; x_wconf 66' lang='grc' dir='ltr'><strong>ΖΒ</strong></span> <span class='ocrx_word' id='word_1_2' title='bbox 466 316 495 356; x_wconf 81' lang='lat' dir='ltr'><strong>C.</strong></span> <span class='ocrx_word' id='word_1_3' title='bbox 519 314 614 357; x_wconf 75' lang='lat' dir='ltr'><strong>CORN.</strong></span> <span class='ocrx_word' id='word_1_4' title='bbox 638 316 773 359; x_wconf 77' lang='lat' dir='ltr'>TACITU!</span> 
     </span>
    </p>
   </div>
   <div class='ocr_carea' id='block_1_2' title="bbox 143 460 1090 3744">
    <p class='ocr_par' dir='ltr' id='par_1_2' title="bbox 155 460 1089 748">
     <span class='ocr_line' id='line_1_2' title="bbox 157 460 1088 546; baseline 0.006 -23"><span class='ocrx_word' id='word_1_5' title='bbox 157 463 267 523; x_wconf 86' lang='lat' dir='ltr'><strong>moris:</strong></span> <span class='ocrx_word' id='word_1_6' title='bbox 292 473 322 522; x_wconf 92' lang='lat' dir='ltr'><strong>et</strong></span> <span class='ocrx_word' id='word_1_7' title='bbox 336 460 482 546; x_wconf 90' lang='lat' dir='ltr'><strong>poscendi</strong></span> <span class='ocrx_word' id='word_1_8' title='bbox 499 462 629 524; x_wconf 87' lang='lat' dir='ltr'><strong>invicem</strong></span> <span class='ocrx_word' id='word_1_9' title='bbox 645 462 753 525; x_wconf 87' lang='lat' dir='ltr'><strong>eadem</strong></span> <span class='ocrx_word' id='word_1_10' title='bbox 768 463 908 526; x_wconf 81' lang='lat' dir='ltr'><strong>facilitas.</strong></span> <span class='ocrx_word' id='word_1_11' title='bbox 947 464 1088 530; x_wconf 76' lang='lat' dir='ltr'>Gaudent</span> 
     </span>
     <span class='ocr_line' id='line_1_3' title="bbox 156 561 1089 646; baseline 0.005 -23"><span class='ocrx_word' id='word_1_12' title='bbox 156 562 354 624; x_wconf 88' lang='lat' dir='ltr'><strong>munoribus:</strong></span> <span class='ocrx_word' id='word_1_13' title='bbox 393 561 446 624; x_wconf 92' lang='lat' dir='ltr'><strong>sed</strong></span> <span class='ocrx_word' id='word_1_14' title='bbox 483 583 541 624; x_wconf 86' lang='lat' dir='ltr'><strong>nee</strong></span> <span class='ocrx_word' id='word_1_15' title='bbox 569 563 639 624; x_wconf 91' lang='lat' dir='ltr'><strong>data</strong></span> <span class='ocrx_word' id='word_1_16' title='bbox 675 566 834 644; x_wconf 79' lang='lat' dir='ltr'><strong>imputant,</strong></span> <span class='ocrx_word' id='word_1_17' title='bbox 863 586 921 627; x_wconf 91' lang='lat' dir='ltr'><strong>nec</strong></span> <span class='ocrx_word' id='word_1_18' title='bbox 956 569 1089 646; x_wconf 81' lang='lat' dir='ltr'><strong>acceptis</strong></span> 
     </span>
     <span class='ocr_line' id='line_1_4' title="bbox 155 660 877 748; baseline 0.008 -27"><span class='ocrx_word' id='word_1_19' title='bbox 155 661 336 743; x_wconf 83' lang='lat' dir='ltr'><strong>obligantur.</strong></span> <span class='ocrx_word' id='word_1_20' title='bbox 380 660 490 724; x_wconf 91' lang='lat' dir='ltr'><strong>Victus</strong></span> <span class='ocrx_word' id='word_1_21' title='bbox 513 663 591 724; x_wconf 89' lang='lat' dir='ltr'><strong>inter</strong></span> <span class='ocrx_word' id='word_1_22' title='bbox 612 663 748 748; x_wconf 86' lang='lat' dir='ltr'><strong>hospites</strong></span> <span class='ocrx_word' id='word_1_23' title='bbox 771 665 877 727; x_wconf 89' lang='lat' dir='ltr'><strong>comis.</strong></span> 
     </span>
    </p>

    <p class='ocr_par' dir='ltr' id='par_1_3' title="bbox 144 760 1090 2549">
     <span class='ocr_line' id='line_1_5' title="bbox 144 760 1089 848; baseline 0.007 -26"><span class='ocrx_word' id='word_1_24' title='bbox 144 797 146 800; x_wconf 58' lang='lat'>&lt;</span> <span class='ocrx_word' id='word_1_25' title='bbox 196 760 304 823; x_wconf 86' lang='lat' dir='ltr'>XXII.</span> <span class='ocrx_word' id='word_1_26' title='bbox 329 762 439 824; x_wconf 81' lang='lat' dir='ltr'><strong>Statim</strong></span> <span class='ocrx_word' id='word_1_27' title='bbox 462 784 479 825; x_wconf 93' lang='lat' dir='ltr'><strong>e</strong></span> <span class='ocrx_word' id='word_1_28' title='bbox 499 785 616 839; x_wconf 89' lang='lat' dir='ltr'><strong>somno,</strong></span> <span class='ocrx_word' id='word_1_29' title='bbox 639 786 732 847; x_wconf 91' lang='lat' dir='ltr'><strong>quem</strong></span> <span class='ocrx_word' id='word_1_30' title='bbox 753 765 934 848; x_wconf 90' lang='lat' dir='ltr'><strong>plerumque</strong></span> <span class='ocrx_word' id='word_1_31' title='bbox 957 767 987 828; x_wconf 93' lang='lat' dir='ltr'><strong>in</strong></span> <span class='ocrx_word' id='word_1_32' title='bbox 1008 767 1089 828; x_wconf 89' lang='lat' dir='ltr'><strong>diem</strong></span> 
     </span>
     <span class='ocr_line' id='line_1_6' title="bbox 155 861 1089 949; baseline 0.006 -26"><span class='ocrx_word' id='word_1_33' title='bbox 155 861 325 937; x_wconf 89' lang='lat' dir='ltr'><strong>extrahunt,</strong></span> <span class='ocrx_word' id='word_1_34' title='bbox 359 863 505 939; x_wconf 86' lang='lat' dir='ltr'><strong>lavantur,</strong></span> <span class='ocrx_word' id='word_1_35' title='bbox 537 865 659 944; x_wconf 89' lang='lat' dir='ltr'><strong>saepius</strong></span> <span class='ocrx_word' id='word_1_36' title='bbox 695 865 802 941; x_wconf 86' lang='lat' dir='ltr'><strong>calida,</strong></span> <span class='ocrx_word' id='word_1_37' title='bbox 831 878 867 928; x_wconf 90' lang='lat' dir='ltr'><strong>ut</strong></span> <span class='ocrx_word' id='word_1_38' title='bbox 901 867 983 947; x_wconf 90' lang='lat' dir='ltr'><strong>apud</strong></span> <span class='ocrx_word' id='word_1_39' title='bbox 1012 890 1089 949; x_wconf 88' lang='lat' dir='ltr'><strong>quos</strong></span> 
     </span>
     <span class='ocr_line' id='line_1_7' title="bbox 154 961 1088 1052; baseline 0.005 -28"><span class='ocrx_word' id='word_1_40' title='bbox 154 961 319 1042; x_wconf 88' lang='lat' dir='ltr'><strong>plurimum</strong></span> <span class='ocrx_word' id='word_1_41' title='bbox 350 963 449 1025; x_wconf 88' lang='lat' dir='ltr'><strong>hiems</strong></span> <span class='ocrx_word' id='word_1_42' title='bbox 479 978 618 1044; x_wconf 88' lang='lat' dir='ltr'><strong>occupat.</strong></span> <span class='ocrx_word' id='word_1_43' title='bbox 674 962 766 1028; x_wconf 92' lang='lat' dir='ltr'><strong>Lauti</strong></span> <span class='ocrx_word' id='word_1_44' title='bbox 803 967 907 1030; x_wconf 91' lang='lat' dir='ltr'><strong>cibum</strong></span> <span class='ocrx_word' id='word_1_45' title='bbox 942 969 1088 1052; x_wconf 85' lang='lat' dir='ltr'><strong>capiunt:</strong></span> 
     </span>
     <span class='ocr_line' id='line_1_8' title="bbox 154 1064 1088 1149; baseline 0.006 -25"><span class='ocrx_word' id='word_1_46' title='bbox 154 1076 310 1143; x_wconf 83' lang='lat' dir='ltr'><strong>separatae</strong></span> <span class='ocrx_word' id='word_1_47' title='bbox 340 1064 469 1146; x_wconf 87' lang='lat' dir='ltr'><strong>singulis</strong></span> <span class='ocrx_word' id='word_1_48' title='bbox 498 1065 588 1126; x_wconf 90' lang='lat' dir='ltr'><strong>sedes</strong></span> <span class='ocrx_word' id='word_1_49' title='bbox 611 1077 641 1127; x_wconf 88' lang='lat' dir='ltr'><strong>et</strong></span> <span class='ocrx_word' id='word_1_50' title='bbox 663 1086 719 1127; x_wconf 90' lang='lat' dir='ltr'><strong>sua</strong></span> <span class='ocrx_word' id='word_1_51' title='bbox 740 1067 852 1149; x_wconf 89' lang='lat' dir='ltr'><strong>cuique</strong></span> <span class='ocrx_word' id='word_1_52' title='bbox 875 1089 1000 1129; x_wconf 85' lang='lat' dir='ltr'><strong>mensa:</strong></span> <span class='ocrx_word' id='word_1_53' title='bbox 1025 1081 1088 1130; x_wconf 91' lang='lat' dir='ltr'><strong>tum</strong></span> 
     </span>
     <span class='ocr_line' id='line_1_9' title="bbox 154 1163 1089 1249; baseline 0.005 -25"><span class='ocrx_word' id='word_1_54' title='bbox 154 1163 191 1224; x_wconf 90' lang='lat' dir='ltr'><strong>ad</strong></span> <span class='ocrx_word' id='word_1_55' title='bbox 214 1165 344 1247; x_wconf 87' lang='lat' dir='ltr'><strong>nogotia,</strong></span> <span class='ocrx_word' id='word_1_56' title='bbox 367 1186 425 1227; x_wconf 87' lang='lat' dir='ltr'><strong>nee</strong></span> <span class='ocrx_word' id='word_1_57' title='bbox 447 1166 549 1227; x_wconf 92' lang='lat' dir='ltr'><strong>minus</strong></span> <span class='ocrx_word' id='word_1_58' title='bbox 572 1187 664 1249; x_wconf 88' lang='lat' dir='ltr'><strong>saepe</strong></span> <span class='ocrx_word' id='word_1_59' title='bbox 687 1166 725 1229; x_wconf 89' lang='lat' dir='ltr'><strong>ad</strong></span> <span class='ocrx_word' id='word_1_60' title='bbox 753 1168 900 1241; x_wconf 91' lang='lat' dir='ltr'><strong>convivia,</strong></span> <span class='ocrx_word' id='word_1_61' title='bbox 923 1168 1089 1247; x_wconf 89' lang='lat' dir='ltr'><strong>procedunt</strong></span> 
     </span>
     <span class='ocr_line' id='line_1_10' title="bbox 154 1264 1090 1348; baseline 0.004 -23"><span class='ocrx_word' id='word_1_62' title='bbox 154 1266 271 1327; x_wconf 82' lang='lat' dir='ltr'><strong>armati.</strong></span> <span class='ocrx_word' id='word_1_63' title='bbox 315 1264 408 1328; x_wconf 89' lang='lat' dir='ltr'><strong>Diem</strong></span> <span class='ocrx_word' id='word_1_64' title='bbox 437 1277 618 1348; x_wconf 89' lang='lat' dir='ltr'><strong>noctemque</strong></span> <span class='ocrx_word' id='word_1_65' title='bbox 647 1267 821 1329; x_wconf 87' lang='lat' dir='ltr'><strong>continuare</strong></span> <span class='ocrx_word' id='word_1_66' title='bbox 849 1267 990 1347; x_wconf 88' lang='lat' dir='ltr'><strong>potando,</strong></span> <span class='ocrx_word' id='word_1_67' title='bbox 1014 1268 1090 1330; x_wconf 92' lang='lat' dir='ltr'><strong>nulli</strong></span> 
     </span>
     <span class='ocr_line' id='line_1_11' title="bbox 154 1364 1090 1444; baseline 0.003 -18"><span class='ocrx_word' id='word_1_68' title='bbox 154 1365 307 1444; x_wconf 87' lang='lat' dir='ltr'><strong>probrum.</strong></span> <span class='ocrx_word' id='word_1_69' title='bbox 362 1364 504 1442; x_wconf 87' lang='lat' dir='ltr'><strong>Crebrae,</strong></span> <span class='ocrx_word' id='word_1_70' title='bbox 535 1378 569 1428; x_wconf 93' lang='lat' dir='ltr'><strong>ut</strong></span> <span class='ocrx_word' id='word_1_71' title='bbox 596 1367 674 1428; x_wconf 91' lang='lat' dir='ltr'><strong>inter</strong></span> <span class='ocrx_word' id='word_1_72' title='bbox 698 1367 878 1442; x_wconf 87' lang='lat' dir='ltr'><strong>vinolentos,</strong></span> <span class='ocrx_word' id='word_1_73' title='bbox 904 1367 997 1443; x_wconf 85' lang='lat' dir='ltr'><strong>rixae,</strong></span> <span class='ocrx_word' id='word_1_74' title='bbox 1023 1389 1090 1429; x_wconf 90' lang='lat' dir='ltr'><strong>raro</strong></span> 
     </span>
     <span class='ocr_line' id='line_1_12' title="bbox 153 1466 1089 1552; baseline 0.004 -25"><span class='ocrx_word' id='word_1_75' title='bbox 153 1467 311 1541; x_wconf 87' lang='lat' dir='ltr'><strong>conviciis,</strong></span> <span class='ocrx_word' id='word_1_76' title='bbox 339 1467 462 1547; x_wconf 85' lang='lat' dir='ltr'><strong>saepius</strong></span> <span class='ocrx_word' id='word_1_77' title='bbox 490 1466 584 1530; x_wconf 90' lang='lat' dir='ltr'><strong>caede</strong></span> <span class='ocrx_word' id='word_1_78' title='bbox 612 1480 642 1529; x_wconf 89' lang='lat' dir='ltr'><strong>et</strong></span> <span class='ocrx_word' id='word_1_79' title='bbox 668 1468 844 1531; x_wconf 91' lang='lat' dir='ltr'><strong>vulneribus</strong></span> <span class='ocrx_word' id='word_1_80' title='bbox 872 1469 1089 1552; x_wconf 85' lang='lat' dir='ltr'><strong>transiguntur.</strong></span> 
     </span>
     <span class='ocr_line' id='line_1_13' title="bbox 155 1565 1089 1653; baseline 0.003 -25"><span class='ocrx_word' id='word_1_81' title='bbox 155 1565 219 1628; x_wconf 84' lang='lat' dir='ltr'><strong>Sed</strong></span> <span class='ocrx_word' id='word_1_82' title='bbox 234 1567 317 1629; x_wconf 88' lang='lat' dir='ltr'><strong>etde</strong></span> <span class='ocrx_word' id='word_1_83' title='bbox 332 1568 563 1630; x_wconf 85' lang='lat' dir='ltr'><strong>reconciliandis</strong></span> <span class='ocrx_word' id='word_1_84' title='bbox 586 1568 716 1630; x_wconf 86' lang='lat' dir='ltr'><strong>invicem</strong></span> <span class='ocrx_word' id='word_1_85' title='bbox 732 1570 863 1631; x_wconf 91' lang='lat' dir='ltr'><strong>inimicis</strong></span> <span class='ocrx_word' id='word_1_86' title='bbox 878 1581 908 1631; x_wconf 88' lang='lat' dir='ltr'><strong>et</strong></span> <span class='ocrx_word' id='word_1_87' title='bbox 926 1568 1089 1653; x_wconf 86' lang='lat' dir='ltr'><strong>jungendis</strong></span> 
     </span>
     <span class='ocr_line' id='line_1_14' title="bbox 155 1665 1075 1747; baseline 0.003 -21"><span class='ocrx_word' id='word_1_88' title='bbox 155 1665 351 1727; x_wconf 89' lang='lat' dir='ltr'><strong>affinitatibus</strong></span> <span class='ocrx_word' id='word_1_89' title='bbox 374 1679 404 1726; x_wconf 90' lang='lat' dir='ltr'><strong>et</strong></span> <span class='ocrx_word' id='word_1_90' title='bbox 426 1665 612 1727; x_wconf 88' lang='lat' dir='ltr'><strong>asciscendis</strong></span> <span class='ocrx_word' id='word_1_91' title='bbox 632 1668 831 1746; x_wconf 88' lang='lat' dir='ltr'><strong>principibus,</strong></span> <span class='ocrx_word' id='word_1_92' title='bbox 847 1668 885 1729; x_wconf 95' lang='lat' dir='ltr'><strong>de</strong></span> <span class='ocrx_word' id='word_1_93' title='bbox 907 1690 983 1747; x_wconf 91' lang='lat' dir='ltr'><strong>pace</strong></span> <span class='ocrx_word' id='word_1_94' title='bbox 1005 1668 1075 1729; x_wconf 90' lang='lat' dir='ltr'><strong>deni</strong></span> 
     </span>
     <span class='ocr_line' id='line_1_15' title="bbox 154 1764 1087 1847; baseline 0.002 -21"><span class='ocrx_word' id='word_1_95' title='bbox 154 1787 214 1847; x_wconf 90' lang='lat' dir='ltr'><strong>que</strong></span> <span class='ocrx_word' id='word_1_96' title='bbox 250 1786 287 1826; x_wconf 90' lang='lat' dir='ltr'><strong>ac</strong></span> <span class='ocrx_word' id='word_1_97' title='bbox 318 1764 400 1826; x_wconf 93' lang='lat' dir='ltr'><strong>bello</strong></span> <span class='ocrx_word' id='word_1_98' title='bbox 432 1765 613 1845; x_wconf 86' lang='lat' dir='ltr'><strong>plerumque</strong></span> <span class='ocrx_word' id='word_1_99' title='bbox 647 1766 677 1826; x_wconf 93' lang='lat' dir='ltr'><strong>in</strong></span> <span class='ocrx_word' id='word_1_100' title='bbox 711 1768 858 1828; x_wconf 84' lang='lat' dir='ltr'><strong>conviviis</strong></span> <span class='ocrx_word' id='word_1_101' title='bbox 895 1767 1087 1828; x_wconf 86' lang='lat' dir='ltr'><strong>consultant:</strong></span> 
     </span>
     <span class='ocr_line' id='line_1_16' title="bbox 155 1865 1089 1948; baseline 0.002 -21"><span class='ocrx_word' id='word_1_102' title='bbox 155 1878 299 1947; x_wconf 89' lang='lat' dir='ltr'><strong>tanquam</strong></span> <span class='ocrx_word' id='word_1_103' title='bbox 334 1865 417 1927; x_wconf 93' lang='lat' dir='ltr'><strong>nullo</strong></span> <span class='ocrx_word' id='word_1_104' title='bbox 459 1866 558 1947; x_wconf 83' lang='lat' dir='ltr'><strong>magis</strong></span> <span class='ocrx_word' id='word_1_105' title='bbox 601 1877 736 1948; x_wconf 90' lang='lat' dir='ltr'><strong>tempore</strong></span> <span class='ocrx_word' id='word_1_106' title='bbox 773 1877 826 1927; x_wconf 90' lang='lat' dir='ltr'><strong>aut</strong></span> <span class='ocrx_word' id='word_1_107' title='bbox 860 1866 899 1928; x_wconf 91' lang='lat' dir='ltr'><strong>ad</strong></span> <span class='ocrx_word' id='word_1_108' title='bbox 935 1866 1089 1946; x_wconf 89' lang='lat' dir='ltr'><strong>simplices</strong></span> 
     </span>
     <span class='ocr_line' id='line_1_17' title="bbox 154 1965 1088 2048; baseline -0.001 -20"><span class='ocrx_word' id='word_1_109' title='bbox 154 1968 352 2048; x_wconf 82' lang='lat' dir='ltr'><strong>cogitationes</strong></span> <span class='ocrx_word' id='word_1_110' title='bbox 374 1977 475 2045; x_wconf 88' lang='lat' dir='ltr'><strong>pateat</strong></span> <span class='ocrx_word' id='word_1_111' title='bbox 497 1965 627 2038; x_wconf 70' lang='lat' dir='ltr'><strong>animus</strong></span> <span class='ocrx_word' id='word_1_112' title='bbox 643 1965 748 2027; x_wconf 90' lang='lat' dir='ltr'><strong>autad</strong></span> <span class='ocrx_word' id='word_1_113' title='bbox 768 1987 894 2048; x_wconf 86' lang='lat' dir='ltr'><strong>magnas</strong></span> <span class='ocrx_word' id='word_1_114' title='bbox 915 1966 1088 2029; x_wconf 86' lang='lat' dir='ltr'><strong>incalescat.</strong></span> 
     </span>
     <span class='ocr_line' id='line_1_18' title="bbox 156 2064 1090 2149; baseline 0 -21"><span class='ocrx_word' id='word_1_115' title='bbox 156 2066 241 2128; x_wconf 85' lang='lat' dir='ltr'><strong>Gens</strong></span> <span class='ocrx_word' id='word_1_116' title='bbox 271 2088 330 2127; x_wconf 93' lang='lat' dir='ltr'><strong>non</strong></span> <span class='ocrx_word' id='word_1_117' title='bbox 359 2078 459 2128; x_wconf 89' lang='lat' dir='ltr'><strong>astuta</strong></span> <span class='ocrx_word' id='word_1_118' title='bbox 487 2086 545 2126; x_wconf 88' lang='lat' dir='ltr'><strong>ncc</strong></span> <span class='ocrx_word' id='word_1_119' title='bbox 573 2064 683 2126; x_wconf 86' lang='lat' dir='ltr'><strong>callida</strong></span> <span class='ocrx_word' id='word_1_120' title='bbox 712 2067 809 2149; x_wconf 91' lang='lat' dir='ltr'><strong>aperit</strong></span> <span class='ocrx_word' id='word_1_121' title='bbox 836 2065 936 2128; x_wconf 87' lang='lat' dir='ltr'><strong>adhuc</strong></span> <span class='ocrx_word' id='word_1_122' title='bbox 973 2079 1090 2128; x_wconf 89' lang='lat' dir='ltr'><strong>secreta</strong></span> 
     </span>
     <span class='ocr_line' id='line_1_19' title="bbox 155 2164 1088 2249; baseline -0.002 -20"><span class='ocrx_word' id='word_1_123' title='bbox 155 2168 284 2246; x_wconf 82' lang='lat' dir='ltr'><strong>pectoris</strong></span> <span class='ocrx_word' id='word_1_124' title='bbox 307 2166 428 2228; x_wconf 87' lang='lat' dir='ltr'><strong>licentia</strong></span> <span class='ocrx_word' id='word_1_125' title='bbox 446 2165 518 2249; x_wconf 84' lang='lat' dir='ltr'><strong>joci.</strong></span> <span class='ocrx_word' id='word_1_126' title='bbox 552 2164 648 2247; x_wconf 61' lang='lat' dir='ltr'><strong>&#39;Ergo</strong></span> <span class='ocrx_word' id='word_1_127' title='bbox 662 2164 782 2227; x_wconf 89' lang='lat' dir='ltr'><strong>detecta</strong></span> <span class='ocrx_word' id='word_1_128' title='bbox 797 2178 828 2227; x_wconf 89' lang='lat' dir='ltr'><strong>et</strong></span> <span class='ocrx_word' id='word_1_129' title='bbox 848 2165 931 2227; x_wconf 92' lang='lat' dir='ltr'><strong>nuda</strong></span> <span class='ocrx_word' id='word_1_130' title='bbox 953 2167 1088 2228; x_wconf 93' lang='lat' dir='ltr'><strong>omnium</strong></span> 
     </span>
     <span class='ocr_line' id='line_1_20' title="bbox 155 2267 1090 2350; baseline 0 -21"><span class='ocrx_word' id='word_1_131' title='bbox 155 2290 241 2330; x_wconf 90' lang='lat' dir='ltr'><strong>mens</strong></span> <span class='ocrx_word' id='word_1_132' title='bbox 267 2280 389 2349; x_wconf 88' lang='lat' dir='ltr'><strong>postera</strong></span> <span class='ocrx_word' id='word_1_133' title='bbox 410 2267 460 2329; x_wconf 90' lang='lat' dir='ltr'><strong>die</strong></span> <span class='ocrx_word' id='word_1_134' title='bbox 482 2279 667 2343; x_wconf 87' lang='lat' dir='ltr'><strong>retractatur,</strong></span> <span class='ocrx_word' id='word_1_135' title='bbox 685 2280 715 2329; x_wconf 91' lang='lat' dir='ltr'><strong>et</strong></span> <span class='ocrx_word' id='word_1_136' title='bbox 728 2267 813 2329; x_wconf 89' lang='lat' dir='ltr'><strong>salva</strong></span> <span class='ocrx_word' id='word_1_137' title='bbox 836 2268 992 2350; x_wconf 88' lang='lat' dir='ltr'><strong>utriusque</strong></span> <span class='ocrx_word' id='word_1_138' title='bbox 1015 2280 1090 2329; x_wconf 88' lang='lat' dir='ltr'><strong>tem·</strong></span> 
     </span>
     <span class='ocr_line' id='line_1_21' title="bbox 154 2367 1088 2452; baseline 0 -22"><span class='ocrx_word' id='word_1_139' title='bbox 154 2370 235 2449; x_wconf 90' lang='lat' dir='ltr'><strong>poris</strong></span> <span class='ocrx_word' id='word_1_140' title='bbox 264 2369 339 2431; x_wconf 90' lang='lat' dir='ltr'><strong>ratio</strong></span> <span class='ocrx_word' id='word_1_141' title='bbox 367 2382 435 2431; x_wconf 89' lang='lat' dir='ltr'><strong>est:</strong></span> <span class='ocrx_word' id='word_1_142' title='bbox 474 2367 650 2442; x_wconf 88' lang='lat' dir='ltr'><strong>deliberant,</strong></span> <span class='ocrx_word' id='word_1_143' title='bbox 680 2368 755 2431; x_wconf 92' lang='lat' dir='ltr'><strong>dum</strong></span> <span class='ocrx_word' id='word_1_144' title='bbox 783 2369 897 2452; x_wconf 87' lang='lat' dir='ltr'><strong>fingere</strong></span> <span class='ocrx_word' id='word_1_145' title='bbox 926 2369 1088 2443; x_wconf 87' lang='lat' dir='ltr'><strong>nesciunt;</strong></span> 
     </span>
     <span class='ocr_line' id='line_1_22' title="bbox 155 2469 784 2549; baseline 0 -19"><span class='ocrx_word' id='word_1_146' title='bbox 155 2470 351 2545; x_wconf 89' lang='lat' dir='ltr'><strong>constituunt,</strong></span> <span class='ocrx_word' id='word_1_147' title='bbox 368 2469 442 2531; x_wconf 93' lang='lat' dir='ltr'><strong>dum</strong></span> <span class='ocrx_word' id='word_1_148' title='bbox 457 2489 555 2530; x_wconf 88' lang='lat' dir='ltr'><strong>errare</strong></span> <span class='ocrx_word' id='word_1_149' title='bbox 570 2491 631 2530; x_wconf 91' lang='lat' dir='ltr'><strong>non</strong></span> <span class='ocrx_word' id='word_1_150' title='bbox 646 2480 784 2549; x_wconf 90' lang='lat' dir='ltr'><strong>possunt.</strong></span> 
     </span>
    </p>

    <p class='ocr_par' dir='ltr' id='par_1_4' title="bbox 143 2568 1089 3349">
     <span class='ocr_line' id='line_1_23' title="bbox 197 2568 1089 2643; baseline -0.003 -11"><span class='ocrx_word' id='word_1_151' title='bbox 197 2570 323 2632; x_wconf 90' lang='lat' dir='ltr'><strong>XXlll.</strong></span> <span class='ocrx_word' id='word_1_152' title='bbox 346 2570 438 2632; x_wconf 90' lang='lat' dir='ltr'><strong>Potui</strong></span> <span class='ocrx_word' id='word_1_153' title='bbox 467 2568 576 2631; x_wconf 91' lang='lat' dir='ltr'><strong>humor</strong></span> <span class='ocrx_word' id='word_1_154' title='bbox 602 2591 640 2630; x_wconf 89' lang='lat' dir='ltr'><strong>ex</strong></span> <span class='ocrx_word' id='word_1_155' title='bbox 666 2568 778 2630; x_wconf 89' lang='lat' dir='ltr'><strong>hordeo</strong></span> <span class='ocrx_word' id='word_1_156' title='bbox 801 2581 853 2630; x_wconf 88' lang='lat' dir='ltr'><strong>aut</strong></span> <span class='ocrx_word' id='word_1_157' title='bbox 875 2568 1034 2643; x_wconf 83' lang='lat' dir='ltr'><strong>frumento,</strong></span> <span class='ocrx_word' id='word_1_158' title='bbox 1059 2569 1089 2629; x_wconf 93' lang='lat' dir='ltr'><strong>iu</strong></span> 
     </span>
     <span class='ocr_line' id='line_1_24' title="bbox 155 2667 1089 2752; baseline -0.005 -20"><span class='ocrx_word' id='word_1_159' title='bbox 155 2671 307 2752; x_wconf 89' lang='lat' dir='ltr'><strong>quandam</strong></span> <span class='ocrx_word' id='word_1_160' title='bbox 323 2670 553 2732; x_wconf 87' lang='lat' dir='ltr'><strong>similitudinem</strong></span> <span class='ocrx_word' id='word_1_161' title='bbox 566 2669 629 2730; x_wconf 85' lang='lat' dir='ltr'><strong>vini</strong></span> <span class='ocrx_word' id='word_1_162' title='bbox 644 2681 813 2746; x_wconf 89' lang='lat' dir='ltr'><strong>corruptus.</strong></span> <span class='ocrx_word' id='word_1_163' title='bbox 858 2667 992 2729; x_wconf 86' lang='lat' dir='ltr'><strong>Proximi</strong></span> <span class='ocrx_word' id='word_1_164' title='bbox 1007 2669 1089 2746; x_wconf 87' lang='lat' dir='ltr'><strong>ripae</strong></span> 
     </span>
     <span class='ocr_line' id='line_1_25' title="bbox 155 2766 1088 2848; baseline -0.005 -17"><span class='ocrx_word' id='word_1_165' title='bbox 155 2783 185 2831; x_wconf 88' lang='lat' dir='ltr'><strong>et</strong></span> <span class='ocrx_word' id='word_1_166' title='bbox 199 2771 304 2831; x_wconf 90' lang='lat' dir='ltr'><strong>vinum</strong></span> <span class='ocrx_word' id='word_1_167' title='bbox 320 2780 501 2830; x_wconf 88' lang='lat' dir='ltr'><strong>mercantur.</strong></span> <span class='ocrx_word' id='word_1_168' title='bbox 548 2766 620 2830; x_wconf 91' lang='lat' dir='ltr'><strong>Cibi</strong></span> <span class='ocrx_word' id='word_1_169' title='bbox 643 2766 798 2846; x_wconf 89' lang='lat' dir='ltr'><strong>simplices</strong></span> <span class='ocrx_word' id='word_1_170' title='bbox 812 2787 820 2841; x_wconf 81' lang='lat'>3</span> <span class='ocrx_word' id='word_1_171' title='bbox 844 2766 975 2848; x_wconf 80' lang='lat' dir='ltr'><strong>agrestia</strong></span> <span class='ocrx_word' id='word_1_172' title='bbox 988 2786 1088 2845; x_wconf 91' lang='lat' dir='ltr'><strong>poma,</strong></span> 
     </span>
     <span class='ocr_line' id='line_1_26' title="bbox 157 2865 1089 2949; baseline -0.004 -19"><span class='ocrx_word' id='word_1_173' title='bbox 157 2891 262 2931; x_wconf 89' lang='lat' dir='ltr'><strong>recens</strong></span> <span class='ocrx_word' id='word_1_174' title='bbox 277 2869 351 2941; x_wconf 84' lang='lat' dir='ltr'><strong>fera,</strong></span> <span class='ocrx_word' id='word_1_175' title='bbox 367 2880 420 2929; x_wconf 93' lang='lat' dir='ltr'><strong>aut</strong></span> <span class='ocrx_word' id='word_1_176' title='bbox 440 2868 489 2930; x_wconf 85' lang='lat' dir='ltr'><strong>lac</strong></span> <span class='ocrx_word' id='word_1_177' title='bbox 513 2878 699 2929; x_wconf 88' lang='lat' dir='ltr'><strong>concretum.</strong></span> <span class='ocrx_word' id='word_1_178' title='bbox 745 2865 819 2928; x_wconf 88' lang='lat' dir='ltr'><strong>Sine</strong></span> <span class='ocrx_word' id='word_1_179' title='bbox 843 2878 999 2949; x_wconf 91' lang='lat' dir='ltr'><strong>apparatu,</strong></span> <span class='ocrx_word' id='word_1_180' title='bbox 1025 2865 1089 2926; x_wconf 89' lang='lat' dir='ltr'><strong>sine</strong></span> 
     </span>
     <span class='ocr_line' id='line_1_27' title="bbox 157 2964 1089 3046; baseline -0.004 -18"><span class='ocrx_word' id='word_1_181' title='bbox 157 2967 378 3041; x_wconf 87' lang='lat' dir='ltr'><strong>blandimentis,</strong></span> <span class='ocrx_word' id='word_1_182' title='bbox 403 2966 556 3046; x_wconf 88' lang='lat' dir='ltr'><strong>expellunt</strong></span> <span class='ocrx_word' id='word_1_183' title='bbox 578 2964 701 3027; x_wconf 85' lang='lat' dir='ltr'><strong>samem.</strong></span> <span class='ocrx_word' id='word_1_184' title='bbox 745 2965 905 3026; x_wconf 86' lang='lat' dir='ltr'><strong>Adversus</strong></span> <span class='ocrx_word' id='word_1_185' title='bbox 928 2965 1008 3026; x_wconf 90' lang='lat' dir='ltr'><strong>sitim</strong></span> <span class='ocrx_word' id='word_1_186' title='bbox 1031 2985 1089 3025; x_wconf 91' lang='lat' dir='ltr'><strong>non</strong></span> 
     </span>
     <span class='ocr_line' id='line_1_28' title="bbox 156 3064 1089 3146; baseline -0.003 -19"><span class='ocrx_word' id='word_1_187' title='bbox 156 3066 262 3128; x_wconf 90' lang='lat' dir='ltr'><strong>eadem</strong></span> <span class='ocrx_word' id='word_1_188' title='bbox 299 3067 509 3145; x_wconf 84' lang='lat' dir='ltr'><strong>temperantia.</strong></span> <span class='ocrx_word' id='word_1_189' title='bbox 574 3064 609 3126; x_wconf 91' lang='lat' dir='ltr'><strong>Si</strong></span> <span class='ocrx_word' id='word_1_190' title='bbox 646 3064 809 3127; x_wconf 90' lang='lat' dir='ltr'><strong>indulseris</strong></span> <span class='ocrx_word' id='word_1_191' title='bbox 846 3065 982 3126; x_wconf 85' lang='lat' dir='ltr'><strong>ebrietati</strong></span> <span class='ocrx_word' id='word_1_192' title='bbox 1019 3085 1089 3146; x_wconf 84' lang='lat' dir='ltr'><strong>sug·</strong></span> 
     </span>
     <span class='ocr_line' id='line_1_29' title="bbox 157 3163 1089 3249; baseline -0.003 -21"><span class='ocrx_word' id='word_1_193' title='bbox 157 3166 288 3249; x_wconf 86' lang='lat' dir='ltr'><strong>gerendo</strong></span> <span class='ocrx_word' id='word_1_194' title='bbox 317 3179 464 3248; x_wconf 91' lang='lat' dir='ltr'><strong>quantum</strong></span> <span class='ocrx_word' id='word_1_195' title='bbox 500 3165 730 3244; x_wconf 89' lang='lat' dir='ltr'><strong>concupiscunt,</strong></span> <span class='ocrx_word' id='word_1_196' title='bbox 755 3164 841 3226; x_wconf 67' lang='lat' dir='ltr'><strong>⁴haud</strong></span> <span class='ocrx_word' id='word_1_197' title='bbox 871 3165 972 3225; x_wconf 91' lang='lat' dir='ltr'><strong>minus</strong></span> <span class='ocrx_word' id='word_1_198' title='bbox 1001 3163 1089 3225; x_wconf 87' lang='lat' dir='ltr'><strong>saeile</strong></span> 
     </span>
     <span class='ocr_line' id='line_1_30' title="bbox 143 3265 669 3349; baseline -0.01 -20"><span class='ocrx_word' id='word_1_199' title='bbox 143 3269 248 3341; x_wconf 56' lang='lat' dir='ltr'><strong>titiis,</strong></span> <span class='ocrx_word' id='word_1_200' title='bbox 272 3287 364 3349; x_wconf 88' lang='lat' dir='ltr'><strong>quarn</strong></span> <span class='ocrx_word' id='word_1_201' title='bbox 386 3266 479 3328; x_wconf 88' lang='lat' dir='ltr'><strong>armis</strong></span> <span class='ocrx_word' id='word_1_202' title='bbox 502 3265 669 3326; x_wconf 88' lang='lat' dir='ltr'><strong>vincentur.</strong></span> 
     </span>
    </p>

    <p class='ocr_par' dir='ltr' id='par_1_5' title="bbox 146 3340 1090 3744">
     <span class='ocr_line' id='line_1_31' title="bbox 146 3340 1090 3445; baseline -0.003 -14"><span class='ocrx_word' id='word_1_203' title='bbox 146 3340 321 3433; x_wconf 59' lang='lat' dir='ltr'><strong>XXXIV.</strong></span> <span class='ocrx_word' id='word_1_204' title='bbox 344 3364 453 3427; x_wconf 89' lang='lat' dir='ltr'><strong>Genus</strong></span> <span class='ocrx_word' id='word_1_205' title='bbox 477 3363 721 3444; x_wconf 56' lang='lat' dir='ltr'><strong>spectaculorum</strong></span> <span class='ocrx_word' id='word_1_206' title='bbox 747 3386 843 3426; x_wconf 89' lang='lat' dir='ltr'><strong>unum</strong></span> <span class='ocrx_word' id='word_1_207' title='bbox 857 3377 948 3445; x_wconf 88' lang='lat' dir='ltr'><strong>atquc</strong></span> <span class='ocrx_word' id='word_1_208' title='bbox 964 3366 994 3427; x_wconf 92' lang='lat' dir='ltr'><strong>iu</strong></span> <span class='ocrx_word' id='word_1_209' title='bbox 1009 3388 1090 3428; x_wconf 89' lang='lat' dir='ltr'><strong>orum</strong></span> 
     </span>
     <span class='ocr_line' id='line_1_32' title="bbox 158 3463 1090 3547; baseline -0.005 -15"><span class='ocrx_word' id='word_1_210' title='bbox 158 3484 247 3532; x_wconf 86' lang='lat' dir='ltr'><strong>coetu</strong></span> <span class='ocrx_word' id='word_1_211' title='bbox 269 3468 362 3530; x_wconf 85' lang='lat' dir='ltr'><strong>idem.</strong></span> <span class='ocrx_word' id='word_1_212' title='bbox 406 3463 492 3528; x_wconf 95' lang='lat' dir='ltr'><strong>Nudi</strong></span> <span class='ocrx_word' id='word_1_213' title='bbox 511 3465 650 3547; x_wconf 87' lang='lat' dir='ltr'><strong>juvenes,</strong></span> <span class='ocrx_word' id='word_1_214' title='bbox 674 3465 785 3546; x_wconf 92' lang='lat' dir='ltr'><strong>quibus</strong></span> <span class='ocrx_word' id='word_1_215' title='bbox 809 3465 838 3525; x_wconf 91' lang='lat' dir='ltr'><strong>id</strong></span> <span class='ocrx_word' id='word_1_216' title='bbox 860 3463 1011 3527; x_wconf 90' lang='lat' dir='ltr'><strong>ludicrum</strong></span> <span class='ocrx_word' id='word_1_217' title='bbox 1034 3478 1090 3540; x_wconf 89' lang='lat' dir='ltr'><strong>est,</strong></span> 
     </span>
     <span class='ocr_line' id='line_1_33' title="bbox 159 3563 1090 3650; baseline -0.005 -18"><span class='ocrx_word' id='word_1_218' title='bbox 159 3572 235 3632; x_wconf 88' lang='lat' dir='ltr'><strong>inter</strong></span> <span class='ocrx_word' id='word_1_219' title='bbox 256 3567 373 3650; x_wconf 84' lang='lat' dir='ltr'><strong>gladios</strong></span> <span class='ocrx_word' id='word_1_220' title='bbox 396 3587 430 3628; x_wconf 88' lang='lat' dir='ltr'><strong>se</strong></span> <span class='ocrx_word' id='word_1_221' title='bbox 452 3577 543 3647; x_wconf 87' lang='lat' dir='ltr'><strong>atque</strong></span> <span class='ocrx_word' id='word_1_222' title='bbox 566 3563 691 3626; x_wconf 82' lang='lat' dir='ltr'><strong>infestas</strong></span> <span class='ocrx_word' id='word_1_223' title='bbox 714 3564 845 3626; x_wconf 85' lang='lat' dir='ltr'><strong>frameas</strong></span> <span class='ocrx_word' id='word_1_224' title='bbox 869 3564 947 3627; x_wconf 90' lang='lat' dir='ltr'><strong>saltu</strong></span> <span class='ocrx_word' id='word_1_225' title='bbox 965 3577 1090 3648; x_wconf 73' lang='lat' dir='ltr'><strong>jaciunt.</strong></span> 
     </span>
     <span class='ocr_line' id='line_1_34' title="bbox 163 3664 1088 3744; baseline -0.006 -14"><span class='ocrx_word' id='word_1_226' title='bbox 163 3667 346 3730; x_wconf 86' lang='lat' dir='ltr'><strong>Exercitatio</strong></span> <span class='ocrx_word' id='word_1_227' title='bbox 358 3680 452 3728; x_wconf 89' lang='lat' dir='ltr'><strong>artem</strong></span> <span class='ocrx_word' id='word_1_228' title='bbox 473 3665 598 3744; x_wconf 90' lang='lat' dir='ltr'><strong>paravit,</strong></span> <span class='ocrx_word' id='word_1_229' title='bbox 615 3685 663 3725; x_wconf 87' lang='lat' dir='ltr'><strong>ars</strong></span> <span class='ocrx_word' id='word_1_230' title='bbox 678 3664 840 3726; x_wconf 88' lang='lat' dir='ltr'><strong>decorem:</strong></span> <span class='ocrx_word' id='word_1_231' title='bbox 864 3686 922 3726; x_wconf 93' lang='lat' dir='ltr'><strong>non</strong></span> <span class='ocrx_word' id='word_1_232' title='bbox 938 3685 968 3726; x_wconf 95' lang='lat' dir='ltr'><strong>m</strong></span> <span class='ocrx_word' id='word_1_233' title='bbox 983 3684 1088 3738; x_wconf 77' lang='lat' dir='ltr'><strong>quaes·</strong></span> 
     </span>
    </p>
   </div>
   <div class='ocr_carea' id='block_1_3' title="bbox 0 0 1263 4154">
    <p class='ocr_par' dir='ltr' id='par_1_6' title="bbox 0 0 1263 4154">
     <span class='ocr_line' id='line_1_35' title="bbox 0 0 1263 4154; baseline 0 0"><span class='ocrx_word' id='word_1_234' title='bbox 0 0 1263 4154; x_wconf 95' lang='lat' dir='ltr'><strong> </strong></span> 
     </span>
    </p>
   </div>
  </div>
 </body>
</html>
