2514 4154
193 293 230 352 30
505 307 535 349 c.
559 306 656 350 corn.
681 306 817 349 racrrus

189 477 300 518 annum
312 475 434 538 quoque
449 453 553 534 ipsum
567 475 628 516 non
643 454 674 516 in
688 452 814 516 totidem
828 452 969 536 digerunt
985 455 1105 534 species

188 555 286 619 biems
302 567 332 617 et
346 577 399 618 ver
413 567 443 617 et
458 567 559 617 aestas
574 554 764 617 intellectum
779 575 815 616 ac
830 551 978 617 vocabula
993 553 1105 615 habent

187 657 324 718 autumni
339 655 465 736 perinde
480 677 592 718 nomen
606 676 643 718 ac
656 656 737 717 bona
751 656 936 738 ignorantur.

228 754 368 819 XXVII.
392 753 550 819 Funerum
564 756 648 819 nulla
662 756 803 833 ambitio;
827 756 857 819 id
873 756 972 818 solum
984 755 1123 818 observa-

187 872 244 934 tur,
259 869 293 921 ut
308 879 435 939 corpora
456 857 607 959 clarorum
623 858 755 920 virorum
776 858 868 920 certis
883 856 1124 940 ligniscremen·

186 971 243 1021 tur.
282 959 406 1023 Struem
421 960 486 1042 rogi
501 980 559 1021 nec
570 959 707 1021 vestibus
722 979 780 1021 nec
794 957 936 1021 odoribus
951 957 1123 1020 cumulant}

186 1081 242 1121 sua
263 1061 376 1142 cuique
398 1081 494 1136 arma,
508 1058 699 1143 quorundam
720 1056 837 1142 igni'et
858 1080 957 1141 equus
976 1059 1124 1142 adjicitur.

186 1160 372 1244 Sepulcrum
387 1182 516 1244 cagppes
532 1161 640 1243 erigit3
667 1172 935 1222 monumentorum
950 1159 1079 1221 arduum
1095 1171 1122 1221 ct

185 1282 349 1341 operosum
371 1260 527 1338 honorem,
542 1274 577 1324 ut
590 1282 716 1344 gravem
737 1259 899 1336 defunctis,
916 1272 1123 1344 aspernantur.

186 1360 337 1425 Lamenta
379 1385 415 1426 ac
450 1363 592 1426 lacrimas
628 1363 711 1439 cito,
736 1362 872 1425 dolorem
908 1373 939 1424 et
974 1361 1123 1423 tristitiam

186 1463 269 1527 tarde
298 1477 424 1546 ponunt.
468 1463 606 1526 Feminis
635 1463 740 1547 lugere
770 1462 933 1525 honestum
963 1474 1029 1538 est;
1053 1463 1124 1525 viris

185 1567 374 1628 meminisse.
433 1565 523 1628 Haec
555 1566 586 1628 in
622 1586 786 1627 commune
814 1563 853 1627 de
882 1564 1019 1626 omnium
1049 1561 1113 1624 Ger

185 1688 346 1728 manorum
374 1667 490 1748 origine
512 1686 549 1727 ac
571 1664 707 1727 moribus
730 1665 930 1744 accepimus:
961 1686 1043 1726 nunc
1066 1665 1126 1726 sin-

185 1765 328 1849 gularum
342 1766 479 1848 gentium
496 1764 633 1826 instituta
647 1764 795 1845 ritusque,
810 1775 961 1845 quatenus
976 1763 1124 1838 differant,

186 1888 265 1949 quae
286 1867 424 1929 nationes
440 1885 457 1925 e
474 1863 639 1927 Germania
660 1864 691 1925 in
707 1861 825 1925 Gallias
848 1864 1124 1944 commigraverint,

187 1967 357 2048 expediam.

228 2064 375 2130 XXVIII
416 2064 587 2128 Validiores
624 2066 698 2128 olim
735 2064 895 2128 Gallorum
930 2087 981 2128 res
1017 2065 1125 2141 fuisse,

186 2190 328 2231 summus
357 2180 517 2230 auctorum
545 2166 634 2230 dlvus
664 2165 768 2230 Julius
796 2166 904 2229 tradit:
935 2188 1033 2251 eoque
1062 2189 1125 2230 cre·

186 2269 279 2332 dibile
305 2281 353 2331 est
377 2269 469 2331 etiam
496 2267 603 2330 Gallos
626 2268 658 2331 in
685 2267 883 2331 Germaniam
908 2280 1126 2353 transgressos.

187 2369 380 2444 Quantulum
416 2371 498 2433 enim
534 2371 632 2433 amnis
667 2371 817 2447 obstabat,
847 2392 908 2454 quo
944 2371 1056 2447 minus,
1093 2383 1126 2433 ut

187 2492 327 2556 quaeque
363 2493 440 2556 gens
476 2471 640 2548 evaluerat,
678 2484 842 2552 occuparet
880 2484 1127 2554 permutaretque

187 2571 287 2649 sedes,
303 2574 494 2654 promiscuas
517 2573 617 2635 adhuc
640 2584 670 2634 ct
692 2573 776 2634 nulla
804 2593 967 2654 regnorum
994 2573 1125 2652 potentia

186 2671 323 2735 divisas?
367 2670 466 2755 Igitur
479 2674 557 2734 inter
572 2671 762 2754 Hercyniam
785 2670 903 2748 sylvam
919 2669 1125 2751 Rhenumque

187 2784 217 2834 et
240 2771 389 2834 Moenum
417 2793 524 2834 amnes
553 2771 700 2847 Helvetii,
729 2760 873 2833 ulteriora
902 2768 982 2845 Boii,
1007 2769 1126 2832 Gallica

187 2885 315 2956 utraque
330 2893 416 2955 gens,
430 2884 567 2935 tenuere.
611 2871 718 2935 Manet
731 2871 832 2934 adhuc
846 2871 991 2935 Boilemi
1004 2892 1124 2946 nornen,

187 2975 350 3057 signatque
382 2970 440 3034 Ioci
472 2980 610 3037 veterem
639 2973 828 3049 memoriam,
845 2973 986 3056 quamvis
1001 2973 1126 3034 mutatis

187 3073 365 3165 cultqribus.
410 3073 475 3137 sed
508 3086 612 3136 utrum
640 3074 780 3137 Aravisci
809 3073 841 3135 in
869 3072 1060 3136 Pannoniam
1087 3073 1126 3134 ab

188 3172 272 3248 Osis,
298 3171 523 3236 Germanorum
546 3175 677 3249 natione,
703 3195 742 3236 an
768 3173 824 3236 Osi
851 3174 889 3235 ab
911 3174 1067 3236 Araviscis
1095 3174 1126 3236 in

189 3271 386 3335 Germaniam
410 3275 686 3358 commigraverint,
711 3296 784 3336 cum
809 3273 917 3336 eodem
940 3273 1041 3337 adhuc
1064 3295 1126 3336 ser·

189 3395 288 3449 mone,
304 3375 459 3451 institutis,
474 3376 610 3438 moribus
632 3388 765 3450 utantur,
781 3377 931 3438 incertum
953 3387 1021 3438 est:
1044 3376 1125 3459 quia,

189 3475 252 3554 pari
280 3474 352 3537 olim
378 3475 480 3555 inopia
504 3496 541 3537 ac
562 3474 711 3552 libertate,
727 3475 836 3537 eadem
860 3477 1020 3559 utriusque
1042 3477 1125 3560 ripae

189 3573 267 3636 bona
282 3575 423 3659 malaque
447 3588 542 3639 erant.
584 3575 713 3639 Treveri
728 3589 759 3639 et
773 3574 880 3639 Nervii
902 3577 983 3639 circa
1004 3576 1114 3640 affecta

191 3687 305 3738 tionem
321 3675 523 3739 Germanicae
546 3678 670 3761 originis
692 3677 772 3740 ultro
793 3676 948 3741 ambitiosi
965 3689 1047 3748 suut,
1063 3689 1114 3739 tan
