<?xml version="1.0" encoding="UTF-8"?>
<!DOCTYPE html PUBLIC "-//W3C//DTD XHTML 1.0 Transitional//EN"
    "http://www.w3.org/TR/xhtml1/DTD/xhtml1-transitional.dtd">
<html xmlns="http://www.w3.org/1999/xhtml" xml:lang="en" lang="en">
 <head>
  <title>
</title>
<meta http-equiv="Content-Type" content="text/html;charset=utf-8" />
  <meta name='ocr-system' content='tesseract 3.04.00' />
  <meta name='ocr-capabilities' content='ocr_page ocr_carea ocr_par ocr_line ocrx_word'/>
</head>
<body>
  <div class='ocr_page' id='page_1' title='image "./germaniaagricol02tacigoog_0065.png"; bbox 0 0 2514 4154; ppageno 0'>
   <div class='ocr_carea' id='block_1_1' title="bbox 228 277 836 366">
    <p class='ocr_par' dir='ltr' id='par_1_1' title="bbox 228 277 836 366">
     <span class='ocr_line' id='line_1_1' title="bbox 228 277 836 366; baseline 0 -3"><span class='ocrx_word' id='word_1_1' title='bbox 228 311 264 366; x_wconf 81' lang='lat'>48</span> <span class='ocrx_word' id='word_1_2' title='bbox 551 277 592 364; x_wconf 49' lang='lat' dir='ltr'>cf</span> <span class='ocrx_word' id='word_1_3' title='bbox 606 322 701 364; x_wconf 82' lang='lat' dir='ltr'>coau.</span> <span class='ocrx_word' id='word_1_4' title='bbox 726 322 836 363; x_wconf 79' lang='lat' dir='ltr'>raeiri</span> 
     </span>
    </p>
   </div>
   <div class='ocr_carea' id='block_1_2' title="bbox 224 424 1166 554">
    <p class='ocr_par' dir='ltr' id='par_1_2' title="bbox 224 424 1166 554">
     <span class='ocr_line' id='line_1_2' title="bbox 224 424 1166 554; baseline -0.003 -21"><span class='ocrx_word' id='word_1_5' title='bbox 224 473 298 534; x_wconf 89' lang='lat' dir='ltr'>tium</span> <span class='ocrx_word' id='word_1_6' title='bbox 322 471 541 551; x_wconf 78' lang='lat' dir='ltr'>exemplorum.</span> <span class='ocrx_word' id='word_1_7' title='bbox 587 470 650 532; x_wconf 85' lang='lat' dir='ltr'>Sed</span> <span class='ocrx_word' id='word_1_8' title='bbox 672 471 771 554; x_wconf 91' lang='lat' dir='ltr'>primo</span> <span class='ocrx_word' id='word_1_9' title='bbox 789 424 920 533; x_wconf 78' lang='lat' dir='ltr'>Ceriirlis</span> <span class='ocrx_word' id='word_1_10' title='bbox 944 471 1065 534; x_wconf 83' lang='lat' dir='ltr'>labores</span> <span class='ocrx_word' id='word_1_11' title='bbox 1080 470 1166 533; x_wconf 73' lang='lat' dir='ltr'>morlo</span> 
     </span>
    </p>
   </div>
   <div class='ocr_carea' id='block_1_3' title="bbox 135 571 1165 3802">
    <p class='ocr_par' dir='ltr' id='par_1_3' title="bbox 203 571 1165 3290">
     <span class='ocr_line' id='line_1_3' title="bbox 223 571 1165 654; baseline 0 -21"><span class='ocrx_word' id='word_1_12' title='bbox 223 585 252 633; x_wconf 90' lang='lat' dir='ltr'>et</span> <span class='ocrx_word' id='word_1_13' title='bbox 275 571 460 648; x_wconf 88' lang='lat' dir='ltr'>discrimina,</span> <span class='ocrx_word' id='word_1_14' title='bbox 483 594 555 634; x_wconf 82' lang='lat' dir='ltr'>mox</span> <span class='ocrx_word' id='word_1_15' title='bbox 576 585 607 634; x_wconf 89' lang='lat' dir='ltr'>et</span> <span class='ocrx_word' id='word_1_16' title='bbox 628 571 756 654; x_wconf 81' lang='lat' dir='ltr'>gloriam</span> <span class='ocrx_word' id='word_1_17' title='bbox 783 573 1048 635; x_wconf 76' lang='lat' dir='ltr'>communicabat:</span> <span class='ocrx_word' id='word_1_18' title='bbox 1074 595 1165 652; x_wconf 84' lang='lat' dir='ltr'>saepo</span> 
     </span>
     <span class='ocr_line' id='line_1_4' title="bbox 222 673 1165 756; baseline 0.001 -23"><span class='ocrx_word' id='word_1_19' title='bbox 222 673 298 754; x_wconf 89' lang='lat' dir='ltr'>parti</span> <span class='ocrx_word' id='word_1_20' title='bbox 317 675 469 736; x_wconf 85' lang='lat' dir='ltr'>exercitus</span> <span class='ocrx_word' id='word_1_21' title='bbox 492 674 522 735; x_wconf 93' lang='lat' dir='ltr'>in</span> <span class='ocrx_word' id='word_1_22' title='bbox 545 675 798 754; x_wconf 74' lang='lat' dir='ltr'>experimentum,</span> <span class='ocrx_word' id='word_1_23' title='bbox 815 673 978 756; x_wconf 91' lang='lat' dir='ltr'>aliquando</span> <span class='ocrx_word' id='word_1_24' title='bbox 1000 673 1165 756; x_wconf 77' lang='lat' dir='ltr'>majoribus</span> 
     </span>
     <span class='ocr_line' id='line_1_5' title="bbox 223 774 1165 859; baseline 0 -23"><span class='ocrx_word' id='word_1_25' title='bbox 223 774 380 859; x_wconf 66' lang='lat' dir='ltr'>copiisf&#39;ex</span> <span class='ocrx_word' id='word_1_26' title='bbox 402 787 519 839; x_wconf 88' lang='lat' dir='ltr'>eventu·</span> <span class='ocrx_word' id='word_1_27' title='bbox 539 774 705 858; x_wconf 85' lang='lat' dir='ltr'>praefecit:</span> <span class='ocrx_word' id='word_1_28' title='bbox 730 796 788 837; x_wconf 89' lang='lat' dir='ltr'>nec</span> <span class='ocrx_word' id='word_1_29' title='bbox 810 775 955 858; x_wconf 81' lang='lat' dir='ltr'>Agricola</span> <span class='ocrx_word' id='word_1_30' title='bbox 977 797 1113 857; x_wconf 87' lang='lat' dir='ltr'>unquam</span> <span class='ocrx_word' id='word_1_31' title='bbox 1136 777 1165 837; x_wconf 93' lang='lat' dir='ltr'>in</span> 
     </span>
     <span class='ocr_line' id='line_1_6' title="bbox 223 859 1163 959; baseline 0.001 -22"><span class='ocrx_word' id='word_1_32' title='bbox 223 898 311 938; x_wconf 92' lang='lat' dir='ltr'>suam</span> <span class='ocrx_word' id='word_1_33' title='bbox 326 859 439 938; x_wconf 83' lang='lat' dir='ltr'>lamam</span> <span class='ocrx_word' id='word_1_34' title='bbox 453 878 549 959; x_wconf 83' lang='lat' dir='ltr'>gestis</span> <span class='ocrx_word' id='word_1_35' title='bbox 566 876 747 952; x_wconf 80' lang='lat' dir='ltr'>exsultavit;</span> <span class='ocrx_word' id='word_1_36' title='bbox 772 875 810 938; x_wconf 88' lang='lat' dir='ltr'>ad</span> <span class='ocrx_word' id='word_1_37' title='bbox 825 889 982 938; x_wconf 83' lang='lat' dir='ltr'>auctorem</span> <span class='ocrx_word' id='word_1_38' title='bbox 998 889 1028 938; x_wconf 89' lang='lat' dir='ltr'>et</span> <span class='ocrx_word' id='word_1_39' title='bbox 1042 876 1163 951; x_wconf 88' lang='lat' dir='ltr'>ducem,</span> 
     </span>
     <span class='ocr_line' id='line_1_7' title="bbox 223 977 1163 1053; baseline -0.001 -14"><span class='ocrx_word' id='word_1_40' title='bbox 223 990 256 1039; x_wconf 92' lang='lat' dir='ltr'>ut</span> <span class='ocrx_word' id='word_1_41' title='bbox 278 978 425 1053; x_wconf 85' lang='lat' dir='ltr'>minister,</span> <span class='ocrx_word' id='word_1_42' title='bbox 450 977 603 1040; x_wconf 86' lang='lat' dir='ltr'>fortunam</span> <span class='ocrx_word' id='word_1_43' title='bbox 626 977 798 1041; x_wconf 87' lang='lat' dir='ltr'>referebat:</span> <span class='ocrx_word' id='word_1_44' title='bbox 822 979 864 1040; x_wconf 90' lang='lat' dir='ltr'>ita</span> <span class='ocrx_word' id='word_1_45' title='bbox 887 979 997 1040; x_wconf 89' lang='lat' dir='ltr'>virtute</span> <span class='ocrx_word' id='word_1_46' title='bbox 1021 979 1051 1040; x_wconf 92' lang='lat' dir='ltr'>in</span> <span class='ocrx_word' id='word_1_47' title='bbox 1078 979 1163 1040; x_wconf 88' lang='lat' dir='ltr'>obse-</span> 
     </span>
     <span class='ocr_line' id='line_1_8' title="bbox 223 1079 1163 1161; baseline 0 -21"><span class='ocrx_word' id='word_1_48' title='bbox 223 1080 353 1161; x_wconf 89' lang='lat' dir='ltr'>quend0,</span> <span class='ocrx_word' id='word_1_49' title='bbox 382 1079 567 1142; x_wconf 80' lang='lat' dir='ltr'>verecundia</span> <span class='ocrx_word' id='word_1_50' title='bbox 595 1081 626 1142; x_wconf 92' lang='lat' dir='ltr'>in</span> <span class='ocrx_word' id='word_1_51' title='bbox 654 1079 867 1161; x_wconf 89' lang='lat' dir='ltr'>praedicando,</span> <span class='ocrx_word' id='word_1_52' title='bbox 898 1094 983 1140; x_wconf 80' lang='lat' dir='ltr'>extra</span> <span class='ocrx_word' id='word_1_53' title='bbox 1008 1079 1163 1153; x_wconf 90' lang='lat' dir='ltr'>invidiam,</span> 
     </span>
     <span class='ocr_line' id='line_1_9' title="bbox 223 1181 1160 1267; baseline 0.007 -26"><span class='ocrx_word' id='word_1_54' title='bbox 223 1202 279 1242; x_wconf 91' lang='lat' dir='ltr'>nec</span> <span class='ocrx_word' id='word_1_55' title='bbox 295 1194 377 1243; x_wconf 86' lang='lat' dir='ltr'>extra</span> <span class='ocrx_word' id='word_1_56' title='bbox 392 1181 519 1264; x_wconf 90' lang='lat' dir='ltr'>gloriam</span> <span class='ocrx_word' id='word_1_57' title='bbox 539 1194 612 1244; x_wconf 90' lang='lat' dir='ltr'>erat.</span> <span class='ocrx_word' id='word_1_58' title='bbox 1157 1262 1160 1267; x_wconf 25' lang='grc' dir='ltr'>Ι</span> 
     </span>
     <span class='ocr_line' id='line_1_10' title="bbox 265 1281 1163 1367; baseline 0.001 -24"><span class='ocrx_word' id='word_1_59' title='bbox 265 1281 323 1345; x_wconf 89' lang='grc' dir='ltr'>ΙΧ.</span> <span class='ocrx_word' id='word_1_60' title='bbox 348 1282 566 1346; x_wconf 83' lang='lat' dir='ltr'>Revertentem</span> <span class='ocrx_word' id='word_1_61' title='bbox 589 1285 627 1346; x_wconf 96' lang='lat' dir='ltr'>ab</span> <span class='ocrx_word' id='word_1_62' title='bbox 650 1284 801 1367; x_wconf 84' lang='lat' dir='ltr'>legatione</span> <span class='ocrx_word' id='word_1_63' title='bbox 824 1282 954 1366; x_wconf 85' lang='lat' dir='ltr'>legionis</span> <span class='ocrx_word' id='word_1_64' title='bbox 976 1283 1066 1345; x_wconf 91' lang='lat' dir='ltr'>divus</span> <span class='ocrx_word' id='word_1_65' title='bbox 1087 1283 1163 1344; x_wconf 88' lang='lat' dir='ltr'>Ves-</span> 
     </span>
     <span class='ocr_line' id='line_1_11' title="bbox 225 1385 1163 1470; baseline 0 -24"><span class='ocrx_word' id='word_1_66' title='bbox 225 1385 367 1468; x_wconf 89' lang='lat' dir='ltr'>pasianus</span> <span class='ocrx_word' id='word_1_67' title='bbox 390 1387 468 1448; x_wconf 88' lang='lat' dir='ltr'>inter</span> <span class='ocrx_word' id='word_1_68' title='bbox 489 1387 632 1470; x_wconf 91' lang='lat' dir='ltr'>patricios</span> <span class='ocrx_word' id='word_1_69' title='bbox 654 1386 771 1461; x_wconf 90' lang='lat' dir='ltr'>ascivit,</span> <span class='ocrx_word' id='word_1_70' title='bbox 795 1407 831 1447; x_wconf 92' lang='lat' dir='ltr'>ac</span> <span class='ocrx_word' id='word_1_71' title='bbox 853 1385 963 1447; x_wconf 88' lang='lat' dir='ltr'>deinde</span> <span class='ocrx_word' id='word_1_72' title='bbox 990 1386 1163 1468; x_wconf 89' lang='lat' dir='ltr'>provinciae</span> 
     </span>
     <span class='ocr_line' id='line_1_12' title="bbox 224 1486 1164 1569; baseline -0.001 -22"><span class='ocrx_word' id='word_1_73' title='bbox 224 1487 405 1568; x_wconf 88' lang='lat' dir='ltr'>Aquitaniae</span> <span class='ocrx_word' id='word_1_74' title='bbox 427 1488 612 1567; x_wconf 86' lang='lat' dir='ltr'>praeposuit,</span> <span class='ocrx_word' id='word_1_75' title='bbox 631 1487 806 1568; x_wconf 87' lang='lat' dir='ltr'>splendidae</span> <span class='ocrx_word' id='word_1_76' title='bbox 829 1488 860 1550; x_wconf 92' lang='lat' dir='ltr'>in</span> <span class='ocrx_word' id='word_1_77' title='bbox 882 1487 992 1567; x_wconf 80' lang='lat' dir='ltr'>primis</span> <span class='ocrx_word' id='word_1_78' title='bbox 1010 1486 1164 1569; x_wconf 82' lang='lat' dir='ltr'>dignitatis</span> 
     </span>
     <span class='ocr_line' id='line_1_13' title="bbox 203 1587 1164 1671; baseline 0 -22"><span class='ocrx_word' id='word_1_79' title='bbox 203 1587 480 1659; x_wconf 64' lang='lat' dir='ltr'>¹administratione</span> <span class='ocrx_word' id='word_1_80' title='bbox 518 1610 554 1650; x_wconf 91' lang='lat' dir='ltr'>ac</span> <span class='ocrx_word' id='word_1_81' title='bbox 592 1610 647 1671; x_wconf 92' lang='lat' dir='ltr'>spe</span> <span class='ocrx_word' id='word_1_82' title='bbox 684 1589 872 1664; x_wconf 75' lang='lat' dir='ltr'>consulatue,</span> <span class='ocrx_word' id='word_1_83' title='bbox 903 1589 953 1650; x_wconf 88' lang='lat' dir='ltr'>cui</span> <span class='ocrx_word' id='word_1_84' title='bbox 991 1588 1164 1650; x_wconf 88' lang='lat' dir='ltr'>destinarat.</span> 
     </span>
     <span class='ocr_line' id='line_1_14' title="bbox 224 1686 1163 1771; baseline 0.001 -23"><span class='ocrx_word' id='word_1_85' title='bbox 224 1687 362 1749; x_wconf 88' lang='lat' dir='ltr'>Credunt</span> <span class='ocrx_word' id='word_1_86' title='bbox 398 1686 535 1770; x_wconf 84' lang='lat' dir='ltr'>plerique</span> <span class='ocrx_word' id='word_1_87' title='bbox 572 1690 754 1751; x_wconf 88' lang='lat' dir='ltr'>militaribus</span> <span class='ocrx_word' id='word_1_88' title='bbox 792 1691 923 1771; x_wconf 89' lang='lat' dir='ltr'>ingeniis</span> <span class='ocrx_word' id='word_1_89' title='bbox 967 1690 1163 1750; x_wconf 88' lang='lat' dir='ltr'>subtilitatem</span> 
     </span>
     <span class='ocr_line' id='line_1_15' title="bbox 224 1788 1164 1872; baseline -0.001 -23"><span class='ocrx_word' id='word_1_90' title='bbox 224 1788 341 1864; x_wconf 80' lang='lat' dir='ltr'>deesse,</span> <span class='ocrx_word' id='word_1_91' title='bbox 365 1790 437 1870; x_wconf 93' lang='lat' dir='ltr'>quia</span> <span class='ocrx_word' id='word_1_92' title='bbox 459 1790 623 1851; x_wconf 88' lang='lat' dir='ltr'>castrensis</span> <span class='ocrx_word' id='word_1_93' title='bbox 648 1788 821 1872; x_wconf 86' lang='lat' dir='ltr'>jurisdictio</span> <span class='ocrx_word' id='word_1_94' title='bbox 847 1810 956 1850; x_wconf 90' lang='lat' dir='ltr'>secura</span> <span class='ocrx_word' id='word_1_95' title='bbox 978 1801 1009 1850; x_wconf 88' lang='lat' dir='ltr'>et</span> <span class='ocrx_word' id='word_1_96' title='bbox 1031 1789 1164 1849; x_wconf 86' lang='lat' dir='ltr'>obtusior</span> 
     </span>
     <span class='ocr_line' id='line_1_16' title="bbox 224 1888 1164 1972; baseline -0.001 -22"><span class='ocrx_word' id='word_1_97' title='bbox 224 1910 257 1950; x_wconf 84' lang='lat' dir='ltr'>ac</span> <span class='ocrx_word' id='word_1_98' title='bbox 281 1889 368 1972; x_wconf 92' lang='lat' dir='ltr'>plura</span> <span class='ocrx_word' id='word_1_99' title='bbox 390 1910 483 1950; x_wconf 91' lang='lat' dir='ltr'>manu</span> <span class='ocrx_word' id='word_1_100' title='bbox 506 1911 600 1972; x_wconf 90' lang='lat' dir='ltr'>agens</span> <span class='ocrx_word' id='word_1_101' title='bbox 627 1889 823 1951; x_wconf 88' lang='lat' dir='ltr'>calliditatem</span> <span class='ocrx_word' id='word_1_102' title='bbox 845 1888 902 1950; x_wconf 88' lang='lat' dir='ltr'>fori</span> <span class='ocrx_word' id='word_1_103' title='bbox 926 1911 986 1950; x_wconf 89' lang='lat' dir='ltr'>non</span> <span class='ocrx_word' id='word_1_104' title='bbox 1015 1902 1164 1950; x_wconf 81' lang='lat' dir='ltr'>exerceat.</span> 
     </span>
     <span class='ocr_line' id='line_1_17' title="bbox 224 1990 1163 2073; baseline 0.001 -24"><span class='ocrx_word' id='word_1_105' title='bbox 224 1990 366 2071; x_wconf 84' lang='lat' dir='ltr'>Agricola</span> <span class='ocrx_word' id='word_1_106' title='bbox 395 1990 524 2051; x_wconf 88' lang='lat' dir='ltr'>naturali</span> <span class='ocrx_word' id='word_1_107' title='bbox 552 1990 722 2070; x_wconf 89' lang='lat' dir='ltr'>prudentia,</span> <span class='ocrx_word' id='word_1_108' title='bbox 753 1991 893 2073; x_wconf 90' lang='lat' dir='ltr'>quamvis</span> <span class='ocrx_word' id='word_1_109' title='bbox 924 1990 1000 2051; x_wconf 91' lang='lat' dir='ltr'>inter</span> <span class='ocrx_word' id='word_1_110' title='bbox 1035 2002 1163 2072; x_wconf 89' lang='lat' dir='ltr'>togatos,</span> 
     </span>
     <span class='ocr_line' id='line_1_18' title="bbox 223 2089 1164 2175; baseline 0.003 -23"><span class='ocrx_word' id='word_1_111' title='bbox 223 2089 311 2152; x_wconf 87' lang='lat' dir='ltr'>facile</span> <span class='ocrx_word' id='word_1_112' title='bbox 336 2090 481 2174; x_wconf 88' lang='lat' dir='ltr'>justeque</span> <span class='ocrx_word' id='word_1_113' title='bbox 510 2092 630 2175; x_wconf 89' lang='lat' dir='ltr'>agebat.</span> <span class='ocrx_word' id='word_1_114' title='bbox 674 2090 745 2153; x_wconf 87' lang='lat' dir='ltr'>Jam</span> <span class='ocrx_word' id='word_1_115' title='bbox 768 2113 839 2154; x_wconf 89' lang='lat' dir='ltr'>vero</span> <span class='ocrx_word' id='word_1_116' title='bbox 861 2104 998 2172; x_wconf 87' lang='lat' dir='ltr'>tempora</span> <span class='ocrx_word' id='word_1_117' title='bbox 1023 2114 1164 2155; x_wconf 88' lang='lat' dir='ltr'>curarum</span> 
     </span>
     <span class='ocr_line' id='line_1_19' title="bbox 222 2193 1164 2278; baseline 0.003 -25"><span class='ocrx_word' id='word_1_118' title='bbox 222 2193 500 2275; x_wconf 87' lang='lat' dir='ltr'>remissionumque</span> <span class='ocrx_word' id='word_1_119' title='bbox 515 2193 632 2256; x_wconf 89' lang='lat' dir='ltr'>divisa:</span> <span class='ocrx_word' id='word_1_120' title='bbox 658 2193 710 2257; x_wconf 91' lang='lat' dir='ltr'>ubi</span> <span class='ocrx_word' id='word_1_121' title='bbox 725 2207 893 2256; x_wconf 91' lang='lat' dir='ltr'>conventus</span> <span class='ocrx_word' id='word_1_122' title='bbox 909 2216 946 2256; x_wconf 90' lang='lat' dir='ltr'>ac</span> <span class='ocrx_word' id='word_1_123' title='bbox 963 2193 1080 2278; x_wconf 88' lang='lat' dir='ltr'>judicia</span> <span class='ocrx_word' id='word_1_124' title='bbox 1094 2216 1164 2278; x_wconf 89' lang='lat' dir='ltr'>pos·</span> 
     </span>
     <span class='ocr_line' id='line_1_20' title="bbox 222 2297 1164 2381; baseline 0.002 -25"><span class='ocrx_word' id='word_1_125' title='bbox 222 2308 334 2371; x_wconf 83' lang='lat' dir='ltr'>cerem,</span> <span class='ocrx_word' id='word_1_126' title='bbox 364 2297 475 2378; x_wconf 88' lang='lat' dir='ltr'>gravis,</span> <span class='ocrx_word' id='word_1_127' title='bbox 506 2297 650 2372; x_wconf 89' lang='lat' dir='ltr'>intentus,</span> <span class='ocrx_word' id='word_1_128' title='bbox 682 2318 819 2373; x_wconf 87' lang='lat' dir='ltr'>severus,</span> <span class='ocrx_word' id='word_1_129' title='bbox 844 2310 874 2360; x_wconf 89' lang='lat' dir='ltr'>et</span> <span class='ocrx_word' id='word_1_130' title='bbox 897 2298 1020 2381; x_wconf 88' lang='lat' dir='ltr'>saepius</span> <span class='ocrx_word' id='word_1_131' title='bbox 1046 2297 1164 2359; x_wconf 90' lang='lat' dir='ltr'>miseri-</span> 
     </span>
     <span class='ocr_line' id='line_1_21' title="bbox 222 2397 1164 2480; baseline 0.001 -22"><span class='ocrx_word' id='word_1_132' title='bbox 222 2419 316 2474; x_wconf 92' lang='lat' dir='ltr'>cors;</span> <span class='ocrx_word' id='word_1_133' title='bbox 353 2398 407 2461; x_wconf 92' lang='lat' dir='ltr'>ubi</span> <span class='ocrx_word' id='word_1_134' title='bbox 445 2397 546 2460; x_wconf 91' lang='lat' dir='ltr'>officio</span> <span class='ocrx_word' id='word_1_135' title='bbox 583 2398 784 2476; x_wconf 82' lang='lat' dir='ltr'>satisfactum,</span> <span class='ocrx_word' id='word_1_136' title='bbox 813 2399 898 2462; x_wconf 89' lang='lat' dir='ltr'>nulla</span> <span class='ocrx_word' id='word_1_137' title='bbox 926 2399 1005 2461; x_wconf 86' lang='lat' dir='ltr'>ultra</span> <span class='ocrx_word' id='word_1_138' title='bbox 1032 2412 1164 2480; x_wconf 90' lang='lat' dir='ltr'>potesta·</span> 
     </span>
     <span class='ocr_line' id='line_1_22' title="bbox 223 2501 1164 2584; baseline 0 -23"><span class='ocrx_word' id='word_1_139' title='bbox 223 2501 260 2562; x_wconf 89' lang='lat' dir='ltr'>tis</span> <span class='ocrx_word' id='word_1_140' title='bbox 290 2521 441 2581; x_wconf 88' lang='lat' dir='ltr'>persona:</span> <span class='ocrx_word' id='word_1_141' title='bbox 480 2501 631 2563; x_wconf 87' lang='lat' dir='ltr'>tristitiam</span> <span class='ocrx_word' id='word_1_142' title='bbox 661 2513 692 2563; x_wconf 88' lang='lat' dir='ltr'>et</span> <span class='ocrx_word' id='word_1_143' title='bbox 720 2504 920 2584; x_wconf 87' lang='lat' dir='ltr'>arrogantiam</span> <span class='ocrx_word' id='word_1_144' title='bbox 949 2514 980 2562; x_wconf 90' lang='lat' dir='ltr'>et</span> <span class='ocrx_word' id='word_1_145' title='bbox 1008 2502 1164 2562; x_wconf 84' lang='lat' dir='ltr'>avaritiam</span> 
     </span>
     <span class='ocr_line' id='line_1_23' title="bbox 222 2601 1163 2684; baseline -0.002 -21"><span class='ocrx_word' id='word_1_146' title='bbox 222 2615 366 2664; x_wconf 86' lang='lat' dir='ltr'>exuerat:</span> <span class='ocrx_word' id='word_1_147' title='bbox 397 2602 531 2677; x_wconf 87' lang='lat' dir='ltr'>necilli,</span> <span class='ocrx_word' id='word_1_148' title='bbox 555 2601 637 2684; x_wconf 93' lang='lat' dir='ltr'>quod</span> <span class='ocrx_word' id='word_1_149' title='bbox 659 2614 706 2663; x_wconf 88' lang='lat' dir='ltr'>est</span> <span class='ocrx_word' id='word_1_150' title='bbox 734 2603 935 2675; x_wconf 89' lang='lat' dir='ltr'>rarissimum,</span> <span class='ocrx_word' id='word_1_151' title='bbox 959 2613 1011 2662; x_wconf 87' lang='lat' dir='ltr'>aut</span> <span class='ocrx_word' id='word_1_152' title='bbox 1033 2601 1163 2662; x_wconf 87' lang='lat' dir='ltr'>facilitas</span> 
     </span>
     <span class='ocr_line' id='line_1_24' title="bbox 222 2701 1164 2784; baseline -0.001 -20"><span class='ocrx_word' id='word_1_153' title='bbox 222 2704 434 2765; x_wconf 81' lang='lat' dir='ltr'>auctoritatem</span> <span class='ocrx_word' id='word_1_154' title='bbox 449 2714 501 2764; x_wconf 91' lang='lat' dir='ltr'>aut</span> <span class='ocrx_word' id='word_1_155' title='bbox 519 2703 665 2764; x_wconf 85' lang='lat' dir='ltr'>severitas</span> <span class='ocrx_word' id='word_1_156' title='bbox 681 2723 817 2764; x_wconf 91' lang='lat' dir='ltr'>amorem</span> <span class='ocrx_word' id='word_1_157' title='bbox 831 2702 991 2763; x_wconf 90' lang='lat' dir='ltr'>deminuit.</span> <span class='ocrx_word' id='word_1_158' title='bbox 1036 2701 1164 2784; x_wconf 89' lang='lat' dir='ltr'>Integri-</span> 
     </span>
     <span class='ocr_line' id='line_1_25' title="bbox 223 2802 1163 2886; baseline 0.003 -24"><span class='ocrx_word' id='word_1_159' title='bbox 223 2816 316 2863; x_wconf 89' lang='lat' dir='ltr'>tatem</span> <span class='ocrx_word' id='word_1_160' title='bbox 338 2815 429 2884; x_wconf 88' lang='lat' dir='ltr'>atque</span> <span class='ocrx_word' id='word_1_161' title='bbox 452 2802 667 2865; x_wconf 85' lang='lat' dir='ltr'>abstinentiam</span> <span class='ocrx_word' id='word_1_162' title='bbox 689 2803 825 2865; x_wconf 84' lang='lat' dir='ltr'>intanto</span> <span class='ocrx_word' id='word_1_163' title='bbox 838 2804 903 2865; x_wconf 85' lang='lat' dir='ltr'>viro</span> <span class='ocrx_word' id='word_1_164' title='bbox 917 2802 1039 2876; x_wconf 86' lang='lat' dir='ltr'>referre,</span> <span class='ocrx_word' id='word_1_165' title='bbox 1056 2803 1163 2886; x_wconf 85' lang='lat' dir='ltr'>injuria</span> 
     </span>
     <span class='ocr_line' id='line_1_26' title="bbox 222 2903 1163 2987; baseline 0.003 -25"><span class='ocrx_word' id='word_1_166' title='bbox 222 2904 368 2964; x_wconf 86' lang='lat' dir='ltr'>virtutum</span> <span class='ocrx_word' id='word_1_167' title='bbox 383 2903 484 2965; x_wconf 86' lang='lat' dir='ltr'>fuerit.</span> <span class='ocrx_word' id='word_1_168' title='bbox 530 2903 579 2966; x_wconf 88' lang='lat' dir='ltr'>Ne</span> <span class='ocrx_word' id='word_1_169' title='bbox 595 2903 709 2966; x_wconf 88' lang='lat' dir='ltr'>famam</span> <span class='ocrx_word' id='word_1_170' title='bbox 725 2904 860 2987; x_wconf 89' lang='lat' dir='ltr'>quidem,</span> <span class='ocrx_word' id='word_1_171' title='bbox 877 2905 927 2966; x_wconf 91' lang='lat' dir='ltr'>cui</span> <span class='ocrx_word' id='word_1_172' title='bbox 954 2904 1046 2966; x_wconf 87' lang='lat' dir='ltr'>etiam</span> <span class='ocrx_word' id='word_1_173' title='bbox 1071 2926 1163 2984; x_wconf 90' lang='lat' dir='ltr'>saepe</span> 
     </span>
     <span class='ocr_line' id='line_1_27' title="bbox 224 3003 1162 3086; baseline 0.005 -22"><span class='ocrx_word' id='word_1_174' title='bbox 224 3004 294 3065; x_wconf 88' lang='lat' dir='ltr'>boui</span> <span class='ocrx_word' id='word_1_175' title='bbox 330 3003 497 3086; x_wconf 88' lang='lat' dir='ltr'>indulgent,</span> <span class='ocrx_word' id='word_1_176' title='bbox 529 3005 708 3068; x_wconf 87' lang='lat' dir='ltr'>ostentanda</span> <span class='ocrx_word' id='word_1_177' title='bbox 742 3007 862 3081; x_wconf 85' lang='lat' dir='ltr'>virtute,</span> <span class='ocrx_word' id='word_1_178' title='bbox 893 3018 945 3068; x_wconf 89' lang='lat' dir='ltr'>aut</span> <span class='ocrx_word' id='word_1_179' title='bbox 977 3027 1032 3086; x_wconf 89' lang='lat' dir='ltr'>per</span> <span class='ocrx_word' id='word_1_180' title='bbox 1067 3019 1162 3069; x_wconf 86' lang='lat' dir='ltr'>artem</span> 
     </span>
     <span class='ocr_line' id='line_1_28' title="bbox 224 3105 1162 3192; baseline 0.005 -27"><span class='ocrx_word' id='word_1_181' title='bbox 224 3105 391 3187; x_wconf 87' lang='lat' dir='ltr'>quaesivit:</span> <span class='ocrx_word' id='word_1_182' title='bbox 418 3107 525 3185; x_wconf 90' lang='lat' dir='ltr'>procul</span> <span class='ocrx_word' id='word_1_183' title='bbox 551 3107 588 3169; x_wconf 92' lang='lat' dir='ltr'>ab</span> <span class='ocrx_word' id='word_1_184' title='bbox 604 3107 815 3169; x_wconf 83' lang='lat' dir='ltr'>&#39;aemulatione</span> <span class='ocrx_word' id='word_1_185' title='bbox 844 3107 991 3169; x_wconf 86' lang='lat' dir='ltr'>adversus</span> <span class='ocrx_word' id='word_1_186' title='bbox 1017 3105 1162 3192; x_wconf 70' lang='lat' dir='ltr'>collegas</span> 
     </span>
     <span class='ocr_line' id='line_1_29' title="bbox 224 3206 1162 3290; baseline 0.004 -22"><span class='ocrx_word' id='word_1_187' title='bbox 224 3206 328 3290; x_wconf 88' lang='lat' dir='ltr'>procul</span> <span class='ocrx_word' id='word_1_188' title='bbox 343 3228 361 3267; x_wconf 96' lang='lat' dir='ltr'>a</span> <span class='ocrx_word' id='word_1_189' title='bbox 376 3208 567 3269; x_wconf 89' lang='lat' dir='ltr'>contentione</span> <span class='ocrx_word' id='word_1_190' title='bbox 590 3208 737 3270; x_wconf 91' lang='lat' dir='ltr'>adversus</span> <span class='ocrx_word' id='word_1_191' title='bbox 760 3221 980 3290; x_wconf 88' lang='lat' dir='ltr'>procuratores,</span> <span class='ocrx_word' id='word_1_192' title='bbox 997 3222 1028 3272; x_wconf 88' lang='lat' dir='ltr'>et</span> <span class='ocrx_word' id='word_1_193' title='bbox 1041 3210 1162 3272; x_wconf 85' lang='lat' dir='ltr'>vincere</span> 
     </span>
    </p>

    <p class='ocr_par' dir='ltr' id='par_1_4' title="bbox 135 3303 1162 3802">
     <span class='ocr_line' id='line_1_30' title="bbox 135 3303 1162 3392; baseline 0.005 -23"><span class='ocrx_word' id='word_1_194' title='bbox 135 3303 136 3306; x_wconf 46' lang='lat'>&#39;</span> <span class='ocrx_word' id='word_1_195' title='bbox 236 3308 395 3392; x_wconf 82' lang='lat' dir='ltr'>nglorium,</span> <span class='ocrx_word' id='word_1_196' title='bbox 426 3322 457 3370; x_wconf 88' lang='lat' dir='ltr'>et</span> <span class='ocrx_word' id='word_1_197' title='bbox 485 3311 571 3372; x_wconf 91' lang='lat' dir='ltr'>atteri</span> <span class='ocrx_word' id='word_1_198' title='bbox 601 3309 758 3372; x_wconf 84' lang='lat' dir='ltr'>sordidum</span> <span class='ocrx_word' id='word_1_199' title='bbox 795 3311 1004 3374; x_wconf 87' lang='lat' dir='ltr'>arbitrabatur.</span> <span class='ocrx_word' id='word_1_200' title='bbox 1057 3311 1162 3374; x_wconf 88' lang='lat' dir='ltr'>Minus</span> 
     </span>
     <span class='ocr_line' id='line_1_31' title="bbox 224 3410 1162 3497; baseline 0.002 -25"><span class='ocrx_word' id='word_1_201' title='bbox 224 3411 386 3473; x_wconf 88' lang='lat' dir='ltr'>triennium</span> <span class='ocrx_word' id='word_1_202' title='bbox 401 3411 431 3471; x_wconf 94' lang='lat' dir='ltr'>in</span> <span class='ocrx_word' id='word_1_203' title='bbox 447 3431 483 3472; x_wconf 90' lang='lat' dir='ltr'>ea</span> <span class='ocrx_word' id='word_1_204' title='bbox 505 3410 656 3494; x_wconf 85' lang='lat' dir='ltr'>legatione</span> <span class='ocrx_word' id='word_1_205' title='bbox 679 3411 820 3473; x_wconf 80' lang='lat' dir='ltr'>detentus</span> <span class='ocrx_word' id='word_1_206' title='bbox 843 3433 879 3473; x_wconf 90' lang='lat' dir='ltr'>ac</span> <span class='ocrx_word' id='word_1_207' title='bbox 903 3413 1003 3475; x_wconf 88' lang='lat' dir='ltr'>statim</span> <span class='ocrx_word' id='word_1_208' title='bbox 1019 3412 1058 3474; x_wconf 88' lang='lat' dir='ltr'>ad</span> <span class='ocrx_word' id='word_1_209' title='bbox 1076 3434 1162 3497; x_wconf 88' lang='lat' dir='ltr'>spem</span> 
     </span>
     <span class='ocr_line' id='line_1_32' title="bbox 225 3513 1160 3594; baseline 0.001 -21"><span class='ocrx_word' id='word_1_210' title='bbox 225 3526 400 3574; x_wconf 84' lang='lat' dir='ltr'>consulatus</span> <span class='ocrx_word' id='word_1_211' title='bbox 429 3532 589 3574; x_wconf 88' lang='lat' dir='ltr'>revocatus</span> <span class='ocrx_word' id='word_1_212' title='bbox 613 3533 669 3588; x_wconf 83' lang='lat' dir='ltr'>est,</span> <span class='ocrx_word' id='word_1_213' title='bbox 694 3527 857 3576; x_wconf 82' lang='lat' dir='ltr'>comitante</span> <span class='ocrx_word' id='word_1_214' title='bbox 881 3515 1020 3594; x_wconf 91' lang='lat' dir='ltr'>opinione</span> <span class='ocrx_word' id='word_1_215' title='bbox 1044 3513 1160 3576; x_wconf 89' lang='lat' dir='ltr'>Britan·</span> 
     </span>
     <span class='ocr_line' id='line_1_33' title="bbox 224 3614 1152 3695; baseline 0 -19"><span class='ocrx_word' id='word_1_216' title='bbox 224 3614 305 3676; x_wconf 90' lang='lat' dir='ltr'>niam</span> <span class='ocrx_word' id='word_1_217' title='bbox 320 3616 348 3675; x_wconf 88' lang='lat' dir='ltr'>ei</span> <span class='ocrx_word' id='word_1_218' title='bbox 363 3615 550 3695; x_wconf 88' lang='lat' dir='ltr'>provinciam</span> <span class='ocrx_word' id='word_1_219' title='bbox 566 3615 629 3677; x_wconf 93' lang='lat' dir='ltr'>dari</span> <span class='ocrx_word' id='word_1_220' title='bbox 653 3615 745 3677; x_wconf 92' lang='lat' dir='ltr'>nullis</span> <span class='ocrx_word' id='word_1_221' title='bbox 761 3617 791 3677; x_wconf 92' lang='lat' dir='ltr'>in</span> <span class='ocrx_word' id='word_1_222' title='bbox 807 3615 865 3678; x_wconf 90' lang='lat' dir='ltr'>hoc</span> <span class='ocrx_word' id='word_1_223' title='bbox 881 3618 945 3679; x_wconf 84' lang='lat' dir='ltr'>suis</span> <span class='ocrx_word' id='word_1_224' title='bbox 961 3614 1152 3678; x_wconf 83' lang='lat' dir='ltr'>sermonibus</span> 
     </span>
     <span class='ocr_line' id='line_1_34' title="bbox 224 3714 1154 3802; baseline 0.001 -26"><span class='ocrx_word' id='word_1_225' title='bbox 224 3715 278 3776; x_wconf 86' lang='lat' dir='ltr'>sed</span> <span class='ocrx_word' id='word_1_226' title='bbox 304 3717 376 3798; x_wconf 89' lang='lat' dir='ltr'>quia</span> <span class='ocrx_word' id='word_1_227' title='bbox 403 3737 459 3796; x_wconf 88' lang='lat' dir='ltr'>par</span> <span class='ocrx_word' id='word_1_228' title='bbox 484 3717 653 3781; x_wconf 86' lang='lat' dir='ltr'>videbatur.</span> <span class='ocrx_word' id='word_1_229' title='bbox 698 3715 793 3780; x_wconf 91' lang='lat' dir='ltr'>Haud</span> <span class='ocrx_word' id='word_1_230' title='bbox 823 3739 944 3802; x_wconf 86' lang='lat' dir='ltr'>semper</span> <span class='ocrx_word' id='word_1_231' title='bbox 970 3729 1048 3778; x_wconf 86' lang='lat' dir='ltr'>enat</span> <span class='ocrx_word' id='word_1_232' title='bbox 1072 3714 1154 3778; x_wconf 87' lang='lat' dir='ltr'>sama</span> 
     </span>
    </p>
   </div>
   <div class='ocr_carea' id='block_1_4' title="bbox 0 0 1262 4154">
    <p class='ocr_par' dir='ltr' id='par_1_5' title="bbox 0 0 1262 4154">
     <span class='ocr_line' id='line_1_35' title="bbox 0 0 1262 4154; baseline 0 0"><span class='ocrx_word' id='word_1_233' title='bbox 0 0 1262 4154; x_wconf 95' lang='lat' dir='ltr'> </span> 
     </span>
    </p>
   </div>
  </div>
 </body>
</html>
