2514 4154
170 315 209 372 72
491 329 521 370 c.
545 327 641 370 cortu.
664 328 774 369 ‘merri

168 476 279 539 bonurn
301 474 399 537 virum
422 474 511 537 facile
534 474 683 548 crederes
707 496 854 559 magnum
882 475 1020 538 libenter.
1064 471 1093 538 Ε

167 599 232 658 rpse
247 575 382 667 quidem,
399 598 576 660 quanquam
598 577 700 639 medio
715 578 746 639 in
762 578 860 656 spatio
875 578 1009 660 integrae
1025 590 1104 639 aeta-

167 678 204 739 tis
220 688 353 758 ereptare,
370 689 519 760 quantum
541 677 578 739 ad
600 677 738 761 gloriam,
754 676 970 760 longissimum
995 698 1105 739 aevum

166 778 294 861 peregit.
339 777 462 859 Quippe
478 791 509 841 et
524 799 595 840 vcra
616 779 705 853 bona,
722 800 800 861 quae
816 779 1022 840 invirtutibus
1048 778 1106 840 sita

166 890 246 955 sunt,
276 879 465 961 impleverat,
507 887 539 942 et
586 879 740 942 consulari
789 897 826 940 ac
873 877 1106 959 triumphalibus

166 982 349 1043 ornamentis
387 981 533 1061 praedito,
564 980 637 1063 quid
677 979 760 1043 aliud
795 980 952 1042 adstruere
987 979 1106 1042 fortuna

166 1080 306 1160 poterat?
350 1081 471 1163 Opibus
507 1083 610 1144 nimiis
639 1104 700 1144 non
735 1082 910 1166 gaudebat;
948 1082 1105 1161 speciosae

166 1183 364 1265 contigerant.
408 1182 487 1245 Filia
513 1197 604 1266 atque
634 1205 728 1246 uxore
759 1182 984 1267 superstitibus
1006 1195 1106 1262 potest

167 1282 260 1346 videri
275 1285 367 1346 etiam
388 1284 516 1360 beatus;
542 1284 686 1347 incolumi
701 1284 857 1367 dignitate,
873 1282 999 1344 llorente
1013 1282 1105 1357 fama,

166 1385 257 1448 salvis
274 1385 470 1449 affinitatibus
486 1399 516 1448 et
531 1386 684 1461 amicitiis,
701 1384 803 1448 lutura
821 1384 979 1467 effugisse.
1022 1381 1104 1446 Nam

166 1487 254 1550 sicuti
270 1486 378 1551 durare
401 1489 432 1551 in
454 1488 512 1551 hac
534 1488 703 1551 beatissimi
730 1486 846 1549 saeculi
860 1485 930 1548 luce
946 1507 983 1548 ac
996 1486 1105 1567 princi·

166 1609 237 1669 pem
263 1588 431 1671 Trajanum
454 1589 567 1664 videre,
595 1588 677 1672 quod
702 1590 831 1670 augurio
857 1589 996 1670 votisque
1026 1586 1105 1668 apud
1180 1599 1198 1622 ⁶

110 1746 115 1771 ,
166 1700 283 1750 nostras
304 1710 394 1750 aures
417 1688 616 1762 ominabatur,
633 1689 675 1749 ita
690 1688 850 1749 festinatae
873 1689 977 1749 mortis
992 1688 1106 1771 grande

167 1789 309 1851 solatium
331 1789 409 1864 tulit,
426 1789 562 1850 evasisse
584 1800 775 1867 postremum
799 1787 874 1849 illud
896 1800 1029 1866 tempor,
1045 1810 1106 1869 quo

168 1889 360 1951 Domitianus
377 1911 435 1950 non
460 1888 524 1971 jam
539 1910 594 1968 per
608 1887 764 1964 intervalla
779 1908 816 1949 ac
832 1887 1015 1966 spiramenta
1030 1900 1106 1950 tem·

167 2011 283 2071 porum,
301 1989 354 2051 scd
382 1990 525 2050 continuo
550 2001 581 2050 et
604 1986 689 2049 velut
711 2009 772 2049 uno
795 1989 857 2051 ictu
883 1988 1105 2071 rempublicam
1131 2021 1134 2026 ·

167 2090 317 2152 exhausit.

208 2188 310 2253 XLV.
334 2188 407 2253 Non
438 2189 513 2253 vidit
542 2190 687 2274 Agricola
723 2191 883 2254 obsessam
919 2191 1046 2267 curiam,
1076 2204 1106 2254 ct

167 2292 307 2355 clausum
335 2291 427 2354 annis
450 2304 600 2368 senatum,
624 2304 655 2355 et
677 2292 785 2356 eadem
808 2307 908 2378 strage
931 2304 974 2355 tot
1001 2314 1106 2356 oonsu-

167 2393 274 2456 larium
296 2393 417 2470 caedes,
441 2407 486 2456 tot
514 2394 773 2457 nobilissimarum
795 2393 976 2458 feminarum
1000 2395 1105 2458 exsilia

166 2506 196 2558 et
210 2493 311 2580 fugas.
355 2495 425 2560 Una
447 2495 548 2559 adhuc
561 2497 688 2559 victoria
704 2495 805 2559 Carus
821 2496 937 2559 Metius
962 2497 1106 2558 censeba-

167 2611 223 2673 tur,
254 2610 285 2660 et
320 2603 399 2660 intra
431 2597 584 2661 Albanam
620 2619 723 2659 arcem
760 2599 910 2659 sententia
946 2597 1105 2659 Messalini

168 2698 329 2782 strepebat,
346 2710 376 2761 et
392 2696 498 2760 Massa
520 2697 637 2761 Bebius
660 2698 723 2782 jam
746 2711 812 2761 tum
826 2719 898 2760 reus
913 2710 986 2759 erat.
1031 2697 1105 2759 Mox

168 2813 287 2860 nostrae
313 2798 427 2861 duxere
450 2798 632 2864 Helvidium
659 2800 690 2861 in
716 2820 870 2861 carcerem
896 2819 1025 2860 manus:
1049 2805 1130 2859 nos'

168 2898 299 2962 Maurici
329 2898 514 2983 Rusticique
547 2901 644 2975 risus,
674 2922 730 2963 nos
767 2899 920 2963 innocenti
957 2901 1104 2981 sanguine

168 2999 300 3061 Senecio
314 2998 458 3080 perfudit.
502 3000 588 3065 Nero
602 3014 705 3064 tamen
720 3001 867 3064 subtraxit
882 2998 987 3062 oculos
999 2998 1105 3082 jussit·

166 3121 226 3182 que
242 3100 368 3174 scelera,
392 3122 453 3162 non
477 3103 646 3181 spectavit:
669 3103 834 3182 praecipua
856 3100 914 3162 sub
929 3099 1104 3163 Domitiano

166 3201 359 3264 miseriarum
380 3222 451 3280 pars
474 3214 538 3263 erat
559 3201 661 3264 videre
684 3216 715 3263 et
736 3201 852 3284 aspici:
880 3221 953 3263 cum
975 3202 1104 3282 suspiria

166 3315 268 3366 nostra
290 3302 573 3379 subscriberentur;
596 3324 668 3364 cum
684 3301 863 3364 denotandis
886 3313 930 3365 tot
946 3300 1103 3365 hominum

165 3400 332 3482 palloribus
355 3398 510 3462 sufficeret
536 3420 647 3461 saevus
669 3399 720 3462 ille
742 3398 846 3461 vultus
869 3412 899 3461 et
919 3399 1021 3474 rubor,
1044 3420 1104 3482 quo

166 3522 200 3563 sc
226 3513 331 3564 contra
356 3499 504 3581 pudorem
526 3500 693 3562 muniebat.
739 3499 791 3562 Tu
815 3522 887 3562 vero
907 3498 992 3575 felix,
1014 3500 1104 3584 Agri·

79 3614 86 3621 '
166 3602 243 3677 cola,
257 3624 318 3665 non
334 3604 413 3665 vitae
436 3614 553 3665 tantum
575 3601 720 3676 claritate,
738 3601 792 3664 sed
815 3602 906 3664 etiam
930 3601 1103 3686 opportuni·

166 3716 225 3767 tate
247 3706 363 3767 mortis.
384 3704 430 3767 Ut
442 3703 602 3784 perhibent
627 3704 678 3787 qui
709 3703 909 3767 interfuerunt
931 3702 1102 3764 novissimis
