2514 4154
523 340 691 382 roriconi.
1038 325 1076 381 65

145 499 224 568 gate.
267 485 294 549 Ii
321 499 400 562 sunt,
424 508 500 569 quos
529 489 665 566 proximo
694 509 782 562 anno,
805 508 899 549 unam
927 485 1076 568 legionem

145 586 222 648 furto
244 588 342 649 noctis
365 608 537 669 aggressos
553 587 685 649 clamore
700 586 896 649 debellastis:
920 587 941 649 ii
964 597 1074 647 cetero·

144 708 210 748 rum
226 686 439 749 Britannorum
461 687 663 769 fugacissimi,
680 687 809 770 ideoque
825 687 954 749 tamdiu
974 708 1075 766 snper·

145 787 241 849 stites.
307 786 469 859 Quomodo
512 787 604 849 silvas
648 787 804 870 saltusque
851 788 1076 870 penetrantibus

65 926 67 931 ,
144 884 344 947 fortissimum
366 886 508 969 quodque
537 886 648 949 animal
670 900 774 948 contra
796 907 894 961 ruere,
917 886 1026 967 pavida
1048 899 1076 950 et

143 986 251 1047 inertia
285 987 353 1071 ipso
388 988 518 1069 agminis
556 1009 629 1049 sono
664 987 826 1067 pelluntur,
862 989 907 1050 sic
939 988 1076 1049 acerrimi

144 1084 358 1149 Britannorum
389 1087 453 1170 jam
481 1087 599 1169 pridem
628 1088 829 1151 ceciderunt:
865 1089 1001 1171 reliquus
1031 1101 1076 1152 est

143 1207 289 1249 numerus
311 1188 490 1270 ignavorum
513 1201 544 1251 et
565 1190 789 1264 metuentium,
811 1210 889 1270 quos
911 1189 993 1271 quod
1013 1201 1076 1251 tan-

143 1286 211 1349 dem
235 1287 403 1363 invenistis,
419 1310 479 1350 non
500 1290 683 1363 restiterunt,
707 1288 761 1350 sed
783 1287 964 1371 deprehensi
987 1301 1076 1349 sunt·

143 1388 325 1450 novissimae
361 1409 410 1450 res
439 1399 470 1450 et
498 1401 633 1449 extremo
668 1401 752 1448 metu
789 1408 913 1466 corpora
945 1387 1076 1449 defixere

143 1488 241 1548 aciem
263 1488 294 1548 in
316 1487 364 1548 his
392 1488 541 1569 vestigiis,
565 1487 596 1548 in
618 1487 730 1569 quibus
758 1485 917 1565 pulchram
939 1499 969 1549 et
991 1507 1078 1566 spec-

142 1586 266 1647 tabilem
289 1587 447 1649 victoriam
475 1587 617 1649 ederetis.
661 1586 836 1669 Transigite
862 1608 934 1649 curn
956 1586 1077 1666 expedi-

142 1687 295 1748 tionibus:
319 1687 463 1767 imponite
478 1688 696 1771 quinquaginta
711 1688 797 1749 annis
812 1708 958 1770 magnum
973 1686 1075 1749 diem:

95 1810 98 1815 ·
143 1787 307 1871 approbate
340 1787 525 1867 reipublicae
561 1809 717 1870 nunquam
754 1787 899 1850 exercitui
936 1787 1075 1867 imputari

143 1888 277 1968 potuisse
293 1900 345 1951 aut
360 1910 458 1951 moras
473 1888 547 1951 belli
562 1900 614 1951 aut
629 1910 739 1950 causas
754 1887 950 1950 rebellandi.”

183 1985 313 2053 XXXV.
343 1989 386 2052 Et
418 1988 591 2072 alloquente
625 1989 911 2072 adliuc'Agricola,
945 1989 1077 2052 militum

143 2091 229 2152 ardor
257 2091 419 2166 eminebat,
450 2105 480 2154 et
508 2092 602 2153 finem
631 2092 773 2154 orationis
801 2093 909 2173 ingens
939 2091 1077 2153 alacritas

143 2204 306 2252 consecuta
321 2204 377 2266 est,
394 2193 556 2272 statimque
571 2192 610 2253 ad
625 2213 709 2254 arma
722 2191 906 2253 discursum.
950 2191 1078 2252 Instinc-

143 2305 189 2353 tos
211 2303 396 2371 ruentesque
418 2291 460 2352 ita
477 2291 636 2369 disposuit,
653 2303 687 2353 ut
701 2291 840 2372 peditum
861 2290 983 2364 auxilia,
999 2311 1077 2372 quae

144 2404 211 2452 octo
240 2389 450 2464 millia'erant,
473 2389 607 2451 mediam
629 2391 726 2451 aciem
748 2390 910 2464 firmarent,
941 2391 1079 2472 equitum

144 2492 199 2552 tria
220 2488 315 2552 millia
337 2488 479 2551 cornibus
501 2489 747 2551 affunderentur:
770 2489 906 2571 legiones
928 2488 1079 2568 provallo

144 2588 395 2672 steteralingens
419 2591 562 2654 victoriae
585 2589 681 2651 decus
707 2589 781 2651 citra
806 2589 982 2651 Romanum
1012 2610 1079 2650 san-

144 2693 268 2774 guinem
282 2691 470 2781 bellantiqet
491 2690 650 2763 auxilium,
672 2692 697 2753 si
723 2689 917 2773 pellerentur.
960 2688 1078 2752 Britan-

144 2813 250 2854 norum
265 2793 359 2866 acies,
375 2791 406 2852 in
422 2791 556 2871 speciem
572 2788 665 2852 simul
680 2811 715 2851 ac
730 2801 883 2863 terrorem,
902 2788 1078 2851 editioribus

143 2885 220 2959 locis
242 2894 418 2956 constiterat
439 2893 490 2965 ita,
514 2902 548 2952 ut
567 2891 701 2973 primum
727 2911 836 2972 agmen
861 2911 969 2972 aequ0,
986 2902 1104 2952 ceteri·

144 3013 199 3075 per
219 2993 334 3056 acclive
356 2992 467 3075 jugum
490 2991 616 3053 connexi
639 2990 723 3052 velut
744 2991 954 3072 insurgerent:
977 2991 1078 3052 media

145 3097 244 3172 campi
267 3092 438 3154 covinarius
461 3102 492 3152 et
517 3110 613 3172 eques
640 3090 765 3172 strepitu
782 3110 818 3151 ac
833 3090 974 3152 discursu
996 3111 1078 3152 com·

144 3191 256 3270 plebat.
300 3192 384 3254 Tum
400 3189 543 3274 Agricola
562 3203 723 3271 superante
739 3189 872 3252 hostium
888 3190 1078 3252 multitudine

144 3291 268 3365 veritnS,
284 3313 322 3352 ne
345 3291 438 3354 simul
459 3292 490 3353 in
511 3290 650 3365 frontem,
668 3290 759 3352 simul
781 3303 811 3352 et
836 3289 930 3352 latera
954 3310 1078 3351 suorum

145 3404 339 3471 pugnaretur,
361 3393 493 3473 diductis
523 3392 688 3466 ordinibus,
714 3410 889 3473 quanquam
917 3388 1078 3467 porrectior

146 3490 228 3552 acies
255 3489 358 3551 futura
387 3504 509 3577 eratlet
537 3491 735 3553 arcessendas
770 3489 906 3570 plerique
943 3487 1077 3567 legiones

146 3589 356 3664 admonebant,
378 3592 542 3669 promptior
570 3592 601 3652 in
630 3611 718 3670 spem
746 3602 775 3649 et
798 3588 903 3649 firmus
934 3585 1077 3662 adversis,

148 3689 272 3752 dimisso
287 3711 367 3772 equo
380 3688 474 3771 pedes
488 3701 556 3752 ante
571 3689 681 3757 vexilla
696 3689 830 3750 constitit
