2514 4154
512 341 552 383 on
577 341 758 384 crunnum.
1060 326 1094 382 21

202 482 260 547 lX.
284 483 419 546 Deorum
443 484 575 546 maxime
591 483 782 545 Mercurium
805 482 918 557 colunt,
934 481 986 544 cui
1008 482 1098 543 cortis

162 584 267 648 liebus
303 585 446 648 humanis
475 606 597 668 quoque
634 585 742 647 hostiis
777 584 863 646 litare
892 583 940 646 fas
976 581 1098 645 habent.

160 686 330 749 Herculem
351 708 388 749 ac
411 686 542 749 Martem
565 688 723 749 concessis
746 685 928 748 animalibus
956 684 1097 766 placant:

158 811 227 869 pars
258 789 431 851 Suevorum
460 800 491 850 et
518 788 594 850 Isidi
624 788 785 850 sacrificat.
830 785 921 850 Unde
950 808 1042 848 causa
1070 803 1097 848 ct

157 888 243 971 origo
278 889 438 971 peregrino
475 910 561 951 sacro
595 910 704 969 porum
740 888 886 967 comperi,
923 888 982 950 nisi
1018 887 1098 969 qnod

159 991 281 1065 simum
304 991 415 1070 ipsum,
442 991 474 1053 in
496 990 624 1053 modum
651 991 789 1052 liburnae
811 989 986 1072 figuratum,
1010 990 1099 1052 docet

157 1090 318 1154 advectam
339 1091 529 1175 religionem.
575 1092 722 1155 Ceterum
732 1084 796 1153 'nec
812 1092 953 1169 cohibere
976 1092 1098 1174 paricti-

156 1191 216 1254 bus
252 1192 337 1268 deos,
370 1214 471 1275 neque
508 1194 539 1255 in
574 1193 668 1255 ullam
704 1192 829 1254 humani
866 1193 926 1254 oris
963 1193 1099 1272 speciem

158 1293 348 1369 assimulare,
379 1315 418 1356 ex
445 1293 655 1376 magnitudine
684 1293 867 1355 coelestium
895 1292 1098 1354 arbitrantur:

159 1393 244 1456 lucos
273 1417 310 1457 ac
339 1416 463 1456 nemora
492 1406 680 1468 consecrant,
706 1393 896 1474 deorumque
925 1392 1099 1453 nominibus

158 1495 311 1573 appellant
333 1507 487 1557 secretum
509 1493 595 1568 illud,
611 1493 693 1575 quod
716 1492 781 1554 sola
802 1493 970 1554 reverentia
987 1491 1097 1554 vident.

201 1593 243 1657 X.
266 1596 415 1676 Auspicia
437 1608 606 1676 sortesque,
629 1595 736 1677 utqui
760 1593 904 1670 maxime,
927 1592 1098 1656 observant.

159 1697 296 1759 Sortium
338 1695 529 1758 consuetudo
571 1696 727 1776 simplex:
763 1696 891 1778 virgam,
914 1693 1099 1778 'frugiferae

158 1799 256 1860 arbori
281 1798 428 1872 decisam,
456 1798 488 1860 in
510 1797 650 1860 surculos
676 1808 844 1880 amputant,
867 1818 993 1878 cosque,
1019 1797 1099 1858 notis

157 1899 342 1982 quibusdam
364 1898 524 1973 discretos,
547 1921 640 1979 super
661 1897 962 1960 candidam'vestem
984 1911 1098 1959 temere

158 2021 194 2062 ac
222 2000 346 2062 fortuito
375 2013 544 2082 spargunt:
585 2021 667 2075 mox,
697 1999 724 2062 si
751 1998 876 2080 publice
912 1998 1098 2074 consuletur,

158 2101 302 2164 sacerdos
330 2102 471 2177 civitatis,
502 2102 551 2163 sin
585 2102 735 2181 privatim,
766 2101 833 2181 ipse
868 2100 1098 2180 paterfamiliae,

159 2215 301 2283 precatus
336 2203 410 2264 deos
447 2203 630 2284 coelumque
667 2203 849 2283 suspiciens,
880 2214 926 2263 tcr
961 2201 1098 2284 singulos

159 2303 247 2379 tollit,
287 2302 423 2364 sublatos
462 2303 634 2371 secundum
672 2304 855 2383 impressam
891 2316 961 2364 ante
996 2315 1098 2364 notam

159 2405 381 2484 interpretatur.
427 2403 461 2464 Si
491 2401 720 2486 prohibuenrnt‚
749 2403 834 2465 nulla
860 2404 899 2465 de
930 2403 1038 2465 eadem
1067 2425 1099 2464 re

160 2506 190 2568 in
219 2503 352 2585 eundem
380 2503 461 2565 diem
490 2503 693 2580 consultati03
728 2505 776 2565 sin
805 2500 1000 2586 permissum,
1030 2525 1099 2565 aus·

159 2605 310 2686 piciorum
324 2603 424 2667 adhuc
438 2603 516 2665 fides
535 2604 676 2686 exigitur.
720 2603 764 2666 Et
778 2603 853 2665 illud
869 2603 993 2686 quidem
1008 2605 1099 2668 etiam
1150 2665 1153 2671 ,

160 2702 210 2765 hic
245 2713 361 2776 notum,
398 2701 503 2764 avium
542 2723 636 2763 voces
672 2703 853 2784 volatusque
890 2702 1098 2785 interrogare:

160 2804 313 2886 proprium
357 2803 469 2886 gentis,
510 2824 660 2886 equorum
701 2825 823 2891 quoque
867 2805 1028 2888 praesagia
1063 2826 1099 2866 ac

160 2906 294 2968 monitus
318 2905 467 2988 experiri,
491 2904 614 2985 publice
641 2904 763 2967 aluntur
788 2903 898 2968 iisdem
923 2905 1099 2968 nemoribus

161 3027 196 3068 ac
211 3005 290 3068 lucis
314 3005 435 3068 candidi
459 3018 489 3067 et
503 3006 587 3068 nullo
607 3006 727 3068 mortali
743 3028 833 3086 opere
848 3008 998 3069 contacti:
1022 3029 1099 3090 quos

160 3127 284 3188 pressos
298 3129 387 3170 sacro
408 3129 500 3194 curru
523 3108 665 3170 sacerdos
681 3129 717 3170 ac
731 3129 786 3170 rex
802 3109 848 3171 vel
869 3110 1011 3190 princeps
1027 3109 1087 3170 civi

160 3208 232 3272 tatis
260 3210 451 3284 comitantur,
479 3207 675 3292 hinnitusque
705 3231 741 3271 ae
763 3209 903 3272 fremitus
929 3210 1099 3271 observant.

162 3305 231 3370 Nec
245 3307 300 3370 ulli
314 3308 452 3388 auspicio
477 3308 572 3392 major
587 3309 663 3371 fides
680 3332 740 3371 non
756 3310 855 3371 solum
871 3308 952 3389 apud.
966 3307 1098 3387 plebem,

162 3405 215 3468 sed
239 3407 320 3486 apud
341 3429 493 3491 proceres,
517 3409 599 3492 apud
621 3410 815 3484 sacerdotes;
840 3430 873 3469 se
892 3408 973 3468 enim
995 3405 1100 3467 minis·

161 3517 223 3568 tnts
257 3505 394 3581 deorum,
425 3509 492 3570 illos
529 3512 669 3572 conscios
705 3521 823 3593 putant.
881 3507 941 3570 Est
976 3517 1008 3567 et
1042 3505 1100 3569 alia

162 3607 333 3669 observatio
362 3595 573 3688 auspiciorum,
595 3633 656 3691 qua
679 3611 817 3686 gravium
839 3609 988 3671 bellorum
1011 3627 1100 3669 even-

162 3715 211 3770 tus
247 3709 421 3793 explorant3
449 3711 515 3793 ojus
548 3711 654 3788 gentis,
690 3731 756 3768 oum
793 3727 852 3785 qua
891 3708 1007 3771 bellum
1043 3718 1100 3787 est,
