2514 4154
529 350 700 393 noruconn.
1049 334 1089 392 47

150 488 277 561 Nerone'
292 510 474 579 temporum,
498 499 611 582 quibus
633 499 741 561 inertia
766 520 821 578 pro
850 498 999 578 sapientia
1020 497 1080 560 fuit

146 599 233 661 Idem
252 613 411 681 praeturae
427 613 512 661 tenor
527 595 558 661 et
573 599 749 676 silentium;
773 621 830 660 nec
846 599 929 660 enim
947 598 1088 681 jurisdic-

145 702 187 763 tio
203 700 384 763 obvenerat:
408 700 498 763 ludos
521 714 551 764 et
573 702 680 763 inania·
696 700 818 762 honoris
841 699 1098 762 medio-rationis

145 816 243 885 atque·
259 803 461 864 abundantiae
477 802 572 877 duxit,
589 804 633 864 uti
649 802 739 884 longe
754 822 772 862 a
787 801 916 875 luxuria,
933 802 975 863 ita
990 801 1089 862 famae

146 905 275 984 propior.
320 903 406 966 Tum
434 905 552 966 electus
575 925 593 966 a
616 902 716 964 Galba
738 903 777 964 ad
798 902 878 964 dona
906 902 1088 982 templorum

146 1004 400 1086 recognoscenda,
424 1005 658 1088 diligentissima
686 1004 909 1086 conquisitione
938 1002 1088 1079 fecit;-·-ne

146 1105 235 1188 cujus
252 1107 383 1169 ulterius
413 1107 608 1190 sacrilegium
632 1105 816 1189 respublica,
840 1127 933 1186 quam
956 1105 1088 1167 Neronis

136 1208 305 1294 'sensisset

188 1306 263 1371 VII.
285 1308 426 1392 Sequens
442 1330 539 1370 annus
555 1309 639 1391 gravi
654 1307 779 1370 vulnere
796 1309 934 1370 animum
949 1308 1088 1370 domum-

145 1430 206 1493 que
222 1410 289 1493 ejus
304 1410 425 1472 afflixit:
449 1431 520 1471 nam
536 1409 644 1470 classis
661 1408 842 1482 Othoniana,
860 1408 987 1470 licenter
1001 1431 1088 1491 vaga,

145 1511 221 1572 dum
236 1511 413 1572 Intemelios
428 1509 590 1592 (Liguriae
615 1531 685 1588 pars
713 1509 774 1588 est)
789 1508 939 1571 hostiliter
963 1511 1090 1594 popula-

146 1624 204 1687 tur,
233 1625 362 1673 matrem
390 1609 553 1694 Agricolae
583 1611 613 1673 in
647 1598 786 1690 praediis
816 1611 881 1672 suis
918 1611 1088 1674 interfecit:

145 1713 329 1796 praediaque
345 1714 412 1793 ipsa
426 1725 457 1775 et
472 1734 614 1795 magnam
636 1713 807 1792 patrimonii
822 1725 940 1797 partem
955 1713 1088 1793 diripuit,

146 1836 224 1898 quae
240 1836 334 1876 causa
357 1815 461 1877 caedis
477 1814 585 1876 fuerat.
631 1814 729 1898 Igitur
744 1813 782 1876 ad
797 1814 946 1877 solemnia
968 1815 1088 1895 pictatis

101 1956 104 1961 -
145 1916 299 1996 profectus
336 1917 490 1999 Agricola,
528 1917 634 1978 nuntio
674 1916 807 1978 affectati
844 1938 862 1979 a
898 1914 1089 2001 Vespasiano

146 2018 263 2098 imperii
286 2017 495 2098 deprehensus
518 2039 555 2079 ac
578 2019 680 2080 statim
703 2019 735 2080 in
756 2030 857 2098 partes
881 2030 1089 2101 transgressus

146 2133 203 2182 est.
258 2120 349 2182 Initia
382 2121 570 2200 principatus
598 2140 635 2180 ac
664 2132 778 2182 statum
809 2119 894 2182 urbis
924 2118 1089 2181 Mucianus

146 2221 280 2303 regebat,
306 2218 422 2302 juvene
447 2217 611 2281 admodum
635 2218 814 2282 Domitiano
843 2233 874 2282 et
899 2242 937 2282 ex
965 2234 1089 2304 paterna

147 2321 266 2382 fortuna
288 2332 407 2381 tantum
430 2319 587 2381 licentiam
615 2332 792 2399 usurpante.
837 2320 869 2382 Is
895 2322 1026 2383 missum
1052 2322 1090 2383 ad

146 2421 287 2484 delectus
316 2419 451 2502 agendos
480 2419 658 2502 Agricolam
694 2421 872 2502 integreque
902 2442 938 2482 ac
968 2435 1090 2483 strenue

146 2535 310 2598 versatum,
340 2521 505 2582 vicesimae
535 2520 658 2604 legioni,
684 2520 768 2582 tarde
797 2522 836 2583 ad
866 2535 1090 2584 sacramentum

146 2638 365 2708 transgressae,
384 2624 570 2706 praeposuit,
586 2622 640 2684 ubi
663 2622 809 2686 decessor
830 2624 974 2686 seditiose
997 2646 1090 2708 agere

146 2725 339 2787 narrabatur:
363 2725 477 2807 quippe
499 2723 609 2806 legatis
624 2744 746 2806 quoque
770 2724 982 2787 consularibus
997 2726 1090 2788 nimia

146 2848 182 2889 ac
197 2825 393 2889 formidolosa
414 2838 488 2888 erat.
532 2823 603 2887 Nec
624 2825 746 2909 legatus
769 2827 938 2906 praetorius
953 2826 992 2889 ad
1007 2827 1089 2890 colri-

146 2927 280 2990 bendum
295 2939 415 3008 potens,
432 2927 593 3001 incertum,
610 2947 667 2988 suo
682 2949 721 2989 an
736 2927 869 2990 militurn
884 2929 1025 3011 ingenio:
1049 2929 1090 2991 ita

148 3050 309 3091 successor
324 3026 461 3090 simulet
476 3026 556 3089 ultor
571 3027 698 3103 electus,
714 3028 870 3090 rarissima
884 3029 1090 3091 moderatione

148 3130 255 3192 maluit
268 3128 365 3192 videri
380 3129 535 3192 invenisse
551 3124 656 3205 bonos,
673 3151 766 3212 quam
780 3129 904 3192 secisse.

190 3229 281 3292 VIII.
310 3229 455 3293 Praeerat
489 3241 562 3292 tune
591 3228 765 3293 Britanniae
794 3229 916 3294 Vettius
954 3231 1089 3294 Bolanus

148 3330 308 3413 placidius,
338 3353 432 3415 quam
459 3329 554 3394 feroci
582 3333 737 3412 provincia
760 3332 889 3416 dignum
915 3351 983 3394 est:
1013 3346 1089 3393 tem·

149 3432 265 3514 pererit
278 3432 423 3514 Agricola
439 3433 499 3496 vim
514 3454 604 3495 suam
619 3433 818 3515 ardoremque
835 3433 1034 3512 compescuit,
1051 3454 1089 3494 ne

149 3533 352 3607 incresceret3
374 3533 491 3612 peritus
512 3534 641 3616 obsequi
656 3533 855 3615 eruditusque
870 3532 959 3594 utilia
980 3531 1091 3594 hones·

150 3636 188 3697 tis
223 3633 366 3695 miscere.
430 3631 522 3695 Brevi
557 3633 667 3696 deinde
705 3632 862 3696 Britannia
898 3632 1089 3698 consularem

149 3734 296 3799 Petilium
314 3731 469 3796 Cerialem
491 3735 620 3815 accepit.
664 3733 849 3796 Habuerunt
872 3735 998 3796 virtutes
1022 3756 1087 3816 spa-
