2514 4154
168 308 208 368 7⁰
237 318 241 326 '
492 328 521 368 c.
545 327 641 369 coar.
668 326 775 368 rncrrr

168 472 221 535 sed
244 473 282 536 do
305 473 439 536 hibernis
464 472 621 556 legionum
646 485 677 535 et
700 474 897 553 possessione
921 473 1093 538 dubitatum
1199 552 1205 561 .

168 573 223 649 lta,
244 595 315 636 cum
338 573 450 635 damna
470 573 590 636 danmis
612 575 859 637 continuarentur
887 588 978 659 atque
1004 576 1103 638 omnis

167 696 263 736 annus
285 673 445 736 funeribus
467 686 498 736 et
519 673 658 737 cladibus
687 675 891 758 insigniretur,
921 676 1104 757 poscebatur

166 795 217 837 ore
232 774 316 858 vulgi
338 774 401 838 dux
423 773 585 858 Agricola:
610 776 856 860 comparantibus
879 777 997 840 cunctis
1019 777 1101 860 vigo·

166 896 240 948 rem,
270 875 472 938 constantiam
501 887 531 937 et
560 889 719 956 expertum
746 875 836 939 bellis
865 879 1002 940 animum
1031 898 1103 940 cum

134 1012 136 1017 ·
166 976 273 1038 inertia
297 988 328 1039 et
350 975 512 1038 formidine
538 989 719 1039 ceterorum.
763 975 887 1050 Quibus
911 979 1103 1041 sermonibus

165 1076 239 1138 satis
254 1087 373 1138 constat
391 1074 558 1139 Domitiani
580 1098 703 1160 quoque
725 1098 816 1140 aures
829 1078 1013 1153 verberatas,
1029 1078 1103 1141 dum

131 1240 135 1246 ,
166 1180 299 1256 optimus
326 1177 458 1260 quisque
486 1176 663 1240 libertorum
691 1199 794 1240 amore
824 1191 855 1241 et
882 1178 953 1254 fide,
976 1180 1103 1259 pessimi

165 1278 352 1362 malignitate
376 1292 408 1341 et
432 1278 537 1355 livore,
559 1298 689 1359 pronum
710 1279 911 1343 deterioribus
935 1279 1104 1361 principem

166 1380 410 1443 exstimulabant.
455 1379 510 1442 Sic
538 1380 682 1463 Agricola
716 1380 809 1444 simul
837 1381 903 1443 suis
930 1380 1103 1454 rirtutibus,

166 1479 258 1543 simul
279 1481 362 1546 vitiis
384 1480 523 1557 aliorum,
540 1481 571 1542 in
592 1481 692 1562 ipsam
713 1481 841 1561 gloriam
863 1501 1010 1564 praeceps
1032 1501 1104 1564 agc-

165 1581 263 1644 batur.
458 1570 460 1576 ⁴

100 1706 114 1714 ··
205 1677 302 1741 XLII.
345 1680 461 1744 Aderat
497 1665 563 1765 jam
607 1703 716 1756 annus,
760 1705 821 1764 quo
856 1683 1105 1762 proconsulatum

167 1783 260 1844 Asiae
282 1794 314 1845 et
334 1780 459 1844 Africae
489 1781 654 1856 sortiretur,
677 1794 708 1842 et
736 1783 840 1844 occiso
870 1781 978 1844 Civica
1005 1804 1103 1865 nuper

78 1938 83 1945 .
166 1904 222 1945 nce
237 1881 400 1966 Agricolae
422 1881 584 1943 consilium
599 1881 713 1957 deerat,
729 1902 787 1943 nec
802 1880 979 1944 Domitiano
1002 1903 1104 1945 exem·

167 1983 262 2063 plum.
318 1983 490 2044 Accessere
529 1981 655 2064 quidam
697 1981 916 2064 cogitationum
958 1982 1104 2063 principis

166 2083 264 2168 periti,
287 2082 350 2166 qui,
373 2081 511 2145 iturusne
538 2094 622 2145 esset
642 2082 674 2146 in
694 2082 891 2164 provinciam,
914 2082 994 2148 ultro
1014 2085 1104 2169 Agri·

166 2184 268 2248 colem
290 2184 526 2267 interrogarent:
550 2205 587 2247 ac
607 2185 707 2269 primo
735 2184 887 2248 occultius
909 2185 1046 2270 quietem
1074 2197 1104 2248 et

167 2284 262 2349 otium
297 2282 432 2358 laudare,
462 2305 535 2347 mox
569 2305 695 2377 operam
730 2307 819 2349 snam
848 2286 880 2350 in
911 2287 1105 2372 approbanda

166 2385 362 2449 excusatione
388 2385 516 2450 offerre:
539 2399 694 2468 postremo
717 2409 779 2451 non
801 2387 865 2474 jam
885 2388 1018 2466 obscuri,
1034 2411 1103 2451 sua-

166 2487 273 2552 dentes
289 2485 381 2551 simul
400 2498 617 2572 terrentesque,
632 2503 805 2570 pertraxere
819 2489 859 2552 ad
872 2489 1104 2564 Domitianum

167 2590 217 2672 qui
247 2601 372 2676 paratus
394 2589 598 2664 simulatione,
620 2591 652 2652 in
673 2591 876 2673 arrogantiam
904 2590 1104 2671 compositus,

168 2703 198 2752 et
225 2690 322 2753 audiit
347 2710 456 2771 preces
485 2689 670 2764 excusantis,
693 2702 734 2765 et,
764 2709 837 2751 cum
864 2690 1032 2764 annuisset,
1053 2687 1104 2771 agi

167 2791 224 2852 sibi
239 2791 351 2873 gratias
373 2809 486 2872 passus
508 2799 577 2851 est:
599 2796 658 2851 ne'e
679 2789 803 2854 erubuit
822 2789 965 2853 beneficii
980 2789 1104 2854 invidia.

168 2889 320 2953 Salarium
342 2900 455 2964 tamen,
477 2889 684 2970 proconsulari
713 2889 838 2954 solitum
862 2889 964 2954 offerri
986 2902 1017 2953 et
1037 2890 1104 2973 qui·

166 2990 297 3054 busdam
325 3010 344 3051 a
372 3010 406 3051 se
428 2988 495 3069 ipso
517 3010 711 3066 concessum,
733 2990 896 3076 Agricolas
917 3011 979 3055 uon
999 2991 1103 3054 dedit:

167 3092 231 3154 sive
260 3088 398 3152 offensus
425 3110 487 3151 non
513 3091 653 3170 petitum,
677 3093 743 3155 sivo
772 3113 810 3155 es
834 3092 1031 3168 couscientia,
1053 3113 1104 3168 ne,

167 3191 248 3274 quod
269 3201 416 3264 vetuerat,
439 3188 594 3253 videretur
621 3192 746 3255 emisse.
789 3191 952 3273 Proprium
979 3192 1104 3257 humani

167 3291 280 3376 ingenii
309 3302 366 3362 est,
396 3290 499 3354 odisse
528 3312 621 3375 quem
649 3291 801 3356 laeseris:
837 3292 1005 3358 Domitiani
1032 3315 1107 3359 vero

167 3405 274 3456 nutura
294 3412 442 3474 praeceps
463 3391 496 3455 in
516 3392 603 3469 iram,
618 3406 650 3456 et
664 3415 727 3478 quo
748 3395 916 3472 obscurior,
934 3416 972 3459 eo
993 3397 1105 3461 irrevo-

168 3494 302 3570 cabilior,
330 3492 536 3556 moderatione
564 3505 668 3558 tamen
693 3495 915 3581 pnrdentiaqus
943 3497 1105 3582 Agricolas

168 3594 358 3658 leniebatur:
386 3595 542 3679 quianon
562 3596 755 3660 contumacia
776 3618 877 3682 neque
905 3599 986 3663 inani
1010 3597 1107 3682 jacta·

168 3696 248 3759 tione
270 3694 418 3759 libertatis
436 3693 550 3759 famam
572 3695 731 3783 fatumque
752 3699 945 3780 provocabat.
989 3698 1105 3768 Sciant,
